%YAML 1.1
%TAG !u! tag:unity3d.com,2011:
--- !u!1 &8641234410841184511
GameObject:
  m_ObjectHideFlags: 0
  m_CorrespondingSourceObject: {fileID: 0}
  m_PrefabInstance: {fileID: 0}
  m_PrefabAsset: {fileID: 0}
  serializedVersion: 6
  m_Component:
  - component: {fileID: 3444308115728397582}
  - component: {fileID: 3393943511933617496}
  - component: {fileID: 2455060795724363136}
  - component: {fileID: 2699165074267876582}
  - component: {fileID: 2470156756296416454}
  - component: {fileID: 8145974568169719278}
  m_Layer: 0
  m_Name: KnifeItem 1
  m_TagString: Untagged
  m_Icon: {fileID: 0}
  m_NavMeshLayer: 0
  m_StaticEditorFlags: 0
  m_IsActive: 1
--- !u!4 &3444308115728397582
Transform:
  m_ObjectHideFlags: 0
  m_CorrespondingSourceObject: {fileID: 0}
  m_PrefabInstance: {fileID: 0}
  m_PrefabAsset: {fileID: 0}
  m_GameObject: {fileID: 8641234410841184511}
  m_LocalRotation: {x: 0, y: 0, z: 0, w: 1}
  m_LocalPosition: {x: 0, y: 0, z: 0}
  m_LocalScale: {x: 1, y: 1, z: 1}
  m_Children:
  - {fileID: 3846077784746033193}
  m_Father: {fileID: 0}
  m_RootOrder: 0
  m_LocalEulerAnglesHint: {x: 0, y: 0, z: 0}
--- !u!114 &3393943511933617496
MonoBehaviour:
  m_ObjectHideFlags: 0
  m_CorrespondingSourceObject: {fileID: 0}
  m_PrefabInstance: {fileID: 0}
  m_PrefabAsset: {fileID: 0}
  m_GameObject: {fileID: 8641234410841184511}
  m_Enabled: 1
  m_EditorHideFlags: 0
  m_Script: {fileID: 11500000, guid: e73d2e6c883c6804c87c5da983c35d7e, type: 3}
  m_Name: 
  m_EditorClassIdentifier: 
  m_States:
  - m_Name: Default
    m_Preset: {fileID: 0}
    m_BlockList: []
    m_Default: 1
  m_ItemDefinition: {fileID: 114099228593570972, guid: 5481010ef14c32f4cb7b6661b0c59fb4, type: 2}
  m_SlotID: 3
  m_AnimatorItemID: 22
  m_AnimatorMovementSetID: 0
  m_DominantItem: 0
  m_UniqueItemSet: 0
  m_AllowCameraZoom: 0
  m_DropPrefab: {fileID: 4704978023990019559, guid: 5ac864e5610a6ce4781cd0e4311e3dea, type: 3}
  m_FullInventoryDrop: 0
  m_DropConsumableItems: 0
  m_EquipEvent:
    m_WaitForAnimationEvent: 0
    m_Duration: 0
  m_EquipCompleteEvent:
    m_WaitForAnimationEvent: 0
    m_Duration: 0
  m_EquipAnimatorAudioStateSet:
    m_AnimatorAudioStateSelectorData:
      m_ObjectType: Opsive.UltimateCharacterController.Items.AnimatorAudioStates.Sequence
      m_ValueHashes: 6dc4e8ab
      m_ValuePositions: 00000000
      m_Values: 000080bf
      m_UnityObjects: []
      m_Version: 3.1
    m_States:
    - m_States:
      - m_Name: Default
        m_Preset: {fileID: 0}
        m_BlockList: []
        m_Default: 1
      m_Enabled: 1
      m_AllowDuringMovement: 1
      m_RequireGrounded: 0
      m_StateName: 
      m_ItemSubstateIndex: 0
      m_AudioClipSet:
        m_Delay: 0
        m_AudioClips: []
  m_UnequipEvent:
    m_WaitForAnimationEvent: 0
    m_Duration: 0
  m_UnequipCompleteEvent:
    m_WaitForAnimationEvent: 0
    m_Duration: 0
  m_UnequipAnimatorAudioStateSet:
    m_AnimatorAudioStateSelectorData:
      m_ObjectType: Opsive.UltimateCharacterController.Items.AnimatorAudioStates.Sequence
      m_ValueHashes: 6dc4e8ab
      m_ValuePositions: 00000000
      m_Values: 000080bf
      m_UnityObjects: []
      m_Version: 3.1
    m_States:
    - m_States:
      - m_Name: Default
        m_Preset: {fileID: 0}
        m_BlockList: []
        m_Default: 1
      m_Enabled: 1
      m_AllowDuringMovement: 1
      m_RequireGrounded: 0
      m_StateName: 
      m_ItemSubstateIndex: 0
      m_AudioClipSet:
        m_Delay: 0
        m_AudioClips: []
  m_UIMonitorID: 0
  m_Icon: {fileID: 0}
  m_ShowCrosshairsOnAim: 1
  m_CenterCrosshairs: {fileID: 0}
  m_QuadrantOffset: 5
  m_MaxQuadrantSpread: 10
  m_QuadrantSpreadDamping: 0.05
  m_LeftCrosshairs: {fileID: 0}
  m_TopCrosshairs: {fileID: 0}
  m_RightCrosshairs: {fileID: 0}
  m_BottomCrosshairs: {fileID: 0}
  m_ShowFullScreenUI: 0
  m_FullScreenUIID: -1
  m_PickupItemEvent:
    m_PersistentCalls:
      m_Calls: []
  m_EquipItemEvent:
    m_PersistentCalls:
      m_Calls: []
  m_UnequipItemEvent:
    m_PersistentCalls:
      m_Calls: []
  m_DropItemEvent:
    m_PersistentCalls:
      m_Calls: []
--- !u!114 &2455060795724363136
MonoBehaviour:
  m_ObjectHideFlags: 0
  m_CorrespondingSourceObject: {fileID: 0}
  m_PrefabInstance: {fileID: 0}
  m_PrefabAsset: {fileID: 0}
  m_GameObject: {fileID: 8641234410841184511}
  m_Enabled: 1
  m_EditorHideFlags: 0
  m_Script: {fileID: 11500000, guid: c5b5dc98af0593b4589b67fcfc5b4c85, type: 3}
  m_Name: 
  m_EditorClassIdentifier: 
  m_States:
  - m_Name: Default
    m_Preset: {fileID: 0}
    m_BlockList: []
    m_Default: 1
  m_Object: {fileID: 8743482679963055820}
  m_LocalSpawnPosition: {x: -0.121, y: 0.09, z: -0.032}
  m_LocalSpawnRotation: {x: 7, y: -300, z: -66}
  m_LocalSpawnScale: {x: -1.6, y: -1.6, z: -1.6}
  m_NonDominantHandIKTarget: {fileID: 0}
  m_NonDominantHandIKTargetHint: {fileID: 0}
  m_HolsterTarget: {fileID: 0}
  m_HolsterID: -1
--- !u!114 &2699165074267876582
MonoBehaviour:
  m_ObjectHideFlags: 0
  m_CorrespondingSourceObject: {fileID: 0}
  m_PrefabInstance: {fileID: 0}
  m_PrefabAsset: {fileID: 0}
  m_GameObject: {fileID: 8641234410841184511}
  m_Enabled: 1
  m_EditorHideFlags: 0
  m_Script: {fileID: 11500000, guid: 9f6d480ccdb49194188daa8223df2f68, type: 3}
  m_Name: 
  m_EditorClassIdentifier: 
  m_States:
  - m_Name: Default
    m_Preset: {fileID: 0}
    m_BlockList: []
    m_Default: 1
  m_ID: 0
  m_UseRate: 3
  m_CanEquipEmptyItem: 0
  m_FaceTarget: 1
  m_StopUseAbilityDelay: 0.5
  m_UseEvent:
    m_WaitForAnimationEvent: 1
    m_Duration: 0
  m_UseCompleteEvent:
    m_WaitForAnimationEvent: 0
    m_Duration: 0
  m_ForceRootMotionPosition: 1
  m_ForceRootMotionRotation: 1
  m_UseAttributeName: 
  m_UseAttributeAmount: 0
  m_DropWhenUseDepleted: 0
  m_CharacterUseAttributeName: 
  m_CharacterUseAttributeAmount: 0
  m_PlayAudioOnStartUse: 0
  m_UseAnimatorAudioStateSet:
    m_AnimatorAudioStateSelectorData:
      m_ObjectType: Opsive.UltimateCharacterController.Items.AnimatorAudioStates.Sequence
      m_ValueHashes: 6dc4e8ab
      m_ValuePositions: 00000000
      m_Values: 000080bf
      m_UnityObjects: []
      m_Version: 3.1
    m_States:
    - m_States:
      - m_Name: Default
        m_Preset: {fileID: 0}
        m_BlockList: []
        m_Default: 1
      m_Enabled: 1
      m_AllowDuringMovement: 1
      m_RequireGrounded: 0
      m_StateName: 
      m_ItemSubstateIndex: 2
      m_AudioClipSet:
        m_Delay: 0
        m_AudioClips: []
  m_NextAllowedUseTime: 0
  m_RequireInAirMeleeAbilityInAir: 1
  m_RequireCounterAttackAbility: 0
  m_AimItemSubstateIndexAddition: 100
  m_MaxCollisionCount: 20
  m_ForwardShieldSensitivity: -0.8
  m_SingleHit: 0
  m_MultiHitFrameCount: 50
  m_CanHitDelay: 0.2
  m_AllowAttackCombos: 1
  m_ImpactLayers:
    serializedVersion: 2
    m_Bits: 3758096345
  m_TriggerInteraction: 1
  m_DamageAmount: 40
  m_ImpactForce: 2
  m_ImpactForceFrames: 15
  m_ImpactStateName: 
  m_ImpactStateDisableTimer: 10
  m_SurfaceImpact: {fileID: 0}
  m_ApplyRecoil: 0
  m_RecoilAnimatorAudioStateSet:
    m_AnimatorAudioStateSelectorData:
      m_ObjectType: Opsive.UltimateCharacterController.Items.AnimatorAudioStates.Sequence
      m_ValueHashes: 6dc4e8ab
      m_ValuePositions: 00000000
      m_Values: 000080bf
      m_UnityObjects: []
      m_Version: 3.1
    m_States:
    - m_States:
      - m_Name: Default
        m_Preset: {fileID: 0}
        m_BlockList: []
        m_Default: 1
      m_Enabled: 1
      m_AllowDuringMovement: 1
      m_RequireGrounded: 0
      m_StateName: 
      m_ItemSubstateIndex: 3
      m_AudioClipSet:
        m_Delay: 0
        m_AudioClips: []
  m_Trail: {fileID: 0}
  m_TrailVisibility: 0
  m_TrailSpawnDelay: 0
  m_AttackStopTrailEvent:
    m_WaitForAnimationEvent: 0
    m_Duration: 0.5
  m_OnImpactEvent:
    m_PersistentCalls:
      m_Calls: []
--- !u!114 &2470156756296416454
MonoBehaviour:
  m_ObjectHideFlags: 0
  m_CorrespondingSourceObject: {fileID: 0}
  m_PrefabInstance: {fileID: 0}
  m_PrefabAsset: {fileID: 0}
  m_GameObject: {fileID: 8641234410841184511}
  m_Enabled: 1
  m_EditorHideFlags: 0
  m_Script: {fileID: 11500000, guid: 3990644bbd0c64742aaa4e0d6510fc96, type: 3}
  m_Name: 
  m_EditorClassIdentifier: 
  m_States:
  - m_Name: Default
    m_Preset: {fileID: 0}
    m_BlockList: []
    m_Default: 1
  m_ActionID: 0
  m_Hitboxes: []
  m_TrailLocation: {fileID: 0}
--- !u!114 &8145974568169719278
MonoBehaviour:
  m_ObjectHideFlags: 0
  m_CorrespondingSourceObject: {fileID: 0}
  m_PrefabInstance: {fileID: 0}
  m_PrefabAsset: {fileID: 0}
  m_GameObject: {fileID: 8641234410841184511}
  m_Enabled: 1
  m_EditorHideFlags: 0
  m_Script: {fileID: 11500000, guid: 336c8468bb0567e40a4cde260cccde9e, type: 3}
  m_Name: 
  m_EditorClassIdentifier: 
  m_States:
  - m_Name: Default
    m_Preset: {fileID: 0}
    m_BlockList: []
    m_Default: 1
  m_ActionID: 0
  m_Hitboxes:
  - m_Collider: {fileID: 1613441671074229460}
    m_DamageMultiplier: 1
    m_ColliderObjectID: -1
    m_MinimumYOffset: 0
    m_MinimumZOffset: 0
    m_SingleHit: 0
    m_SurfaceImpact: {fileID: 0}
  m_TrailLocation: {fileID: 0}
--- !u!1 &8743482679963055820
GameObject:
  m_ObjectHideFlags: 0
  m_CorrespondingSourceObject: {fileID: 0}
  m_PrefabInstance: {fileID: 0}
  m_PrefabAsset: {fileID: 0}
  serializedVersion: 6
  m_Component:
  - component: {fileID: 3846077784746033193}
  - component: {fileID: 7773384736715164573}
  - component: {fileID: 3104759135775376120}
  - component: {fileID: 1613441671074229460}
  - component: {fileID: 6895332501163057388}
  - component: {fileID: 4760348660112876792}
  - component: {fileID: 6614735746991757384}
  - component: {fileID: 5902410196265501484}
  - component: {fileID: 2477542724012110887}
  m_Layer: 30
  m_Name: Third Person Knife
  m_TagString: Untagged
  m_Icon: {fileID: 0}
  m_NavMeshLayer: 0
  m_StaticEditorFlags: 0
  m_IsActive: 1
--- !u!4 &3846077784746033193
Transform:
  m_ObjectHideFlags: 0
  m_CorrespondingSourceObject: {fileID: 0}
  m_PrefabInstance: {fileID: 0}
  m_PrefabAsset: {fileID: 0}
  m_GameObject: {fileID: 8743482679963055820}
  m_LocalRotation: {x: 0, y: 0, z: 0, w: 1}
  m_LocalPosition: {x: 0, y: 0, z: 0}
  m_LocalScale: {x: 1, y: 1, z: 1}
  m_Children: []
  m_Father: {fileID: 3444308115728397582}
  m_RootOrder: 0
  m_LocalEulerAnglesHint: {x: 0, y: 0, z: 0}
--- !u!33 &7773384736715164573
MeshFilter:
  m_ObjectHideFlags: 0
  m_CorrespondingSourceObject: {fileID: 0}
  m_PrefabInstance: {fileID: 0}
  m_PrefabAsset: {fileID: 0}
  m_GameObject: {fileID: 8743482679963055820}
  m_Mesh: {fileID: 4300000, guid: 5eb35d633b34abb4fadc95208e0617d4, type: 3}
--- !u!23 &3104759135775376120
MeshRenderer:
  m_ObjectHideFlags: 0
  m_CorrespondingSourceObject: {fileID: 0}
  m_PrefabInstance: {fileID: 0}
  m_PrefabAsset: {fileID: 0}
  m_GameObject: {fileID: 8743482679963055820}
  m_Enabled: 1
  m_CastShadows: 1
  m_ReceiveShadows: 1
  m_DynamicOccludee: 1
  m_MotionVectors: 1
  m_LightProbeUsage: 1
  m_ReflectionProbeUsage: 1
  m_RayTracingMode: 2
  m_RayTraceProcedural: 0
  m_RenderingLayerMask: 1
  m_RendererPriority: 0
  m_Materials:
  - {fileID: 2100000, guid: c86ffb713e1fe044dadc5de69efc16a3, type: 2}
  m_StaticBatchInfo:
    firstSubMesh: 0
    subMeshCount: 0
  m_StaticBatchRoot: {fileID: 0}
  m_ProbeAnchor: {fileID: 0}
  m_LightProbeVolumeOverride: {fileID: 0}
  m_ScaleInLightmap: 1
  m_ReceiveGI: 1
  m_PreserveUVs: 0
  m_IgnoreNormalsForChartDetection: 0
  m_ImportantGI: 0
  m_StitchLightmapSeams: 0
  m_SelectedEditorRenderState: 3
  m_MinimumChartSize: 4
  m_AutoUVMaxDistance: 0.5
  m_AutoUVMaxAngle: 89
  m_LightmapParameters: {fileID: 0}
  m_SortingLayerID: 0
  m_SortingLayer: 0
  m_SortingOrder: 0
  m_AdditionalVertexStreams: {fileID: 0}
--- !u!65 &1613441671074229460
BoxCollider:
  m_ObjectHideFlags: 0
  m_CorrespondingSourceObject: {fileID: 0}
  m_PrefabInstance: {fileID: 0}
  m_PrefabAsset: {fileID: 0}
  m_GameObject: {fileID: 8743482679963055820}
  m_Material: {fileID: 0}
  m_IsTrigger: 0
  m_Enabled: 1
  serializedVersion: 2
  m_Size: {x: 0.047686, y: 0.093269005, z: 0.450696}
  m_Center: {x: 0, y: 0.0024855006, z: 0.120173}
--- !u!135 &6895332501163057388
SphereCollider:
  m_ObjectHideFlags: 0
  m_CorrespondingSourceObject: {fileID: 0}
  m_PrefabInstance: {fileID: 0}
  m_PrefabAsset: {fileID: 0}
  m_GameObject: {fileID: 8743482679963055820}
  m_Material: {fileID: 0}
  m_IsTrigger: 1
  m_Enabled: 1
  serializedVersion: 2
  m_Radius: 0.225348
  m_Center: {x: 0, y: 0.0024855006, z: 0.120173}
--- !u!114 &4760348660112876792
MonoBehaviour:
  m_ObjectHideFlags: 0
  m_CorrespondingSourceObject: {fileID: 0}
  m_PrefabInstance: {fileID: 0}
  m_PrefabAsset: {fileID: 0}
  m_GameObject: {fileID: 8743482679963055820}
  m_Enabled: 1
  m_EditorHideFlags: 0
  m_Script: {fileID: 11500000, guid: 3e704e820a055af41b5a98fa3a79f767, type: 3}
  m_Name: 
  m_EditorClassIdentifier: 
  m_TriggerEnableDelay: 4
  m_PickupOnTriggerEnter: 1
  m_RotationSpeed: {x: 0, y: 0, z: 0}
  m_PickupAudioClipSet:
    m_Delay: 0
    m_AudioClips:
    - {fileID: 8300000, guid: dd2a7c92100b2814d893cfcc88f39c9e, type: 3}
  m_PickupMessageText: 
  m_PickupMessageIcon: {fileID: 0}
  m_ItemPickupSet: []
  m_AlwaysPickup: 0
  m_ItemDefinitionAmounts: []
--- !u!114 &6614735746991757384
MonoBehaviour:
  m_ObjectHideFlags: 0
  m_CorrespondingSourceObject: {fileID: 0}
  m_PrefabInstance: {fileID: 0}
  m_PrefabAsset: {fileID: 0}
  m_GameObject: {fileID: 8743482679963055820}
  m_Enabled: 1
  m_EditorHideFlags: 0
  m_Script: {fileID: 11500000, guid: bf61090e160b840499607b4e4942727b, type: 3}
  m_Name: 
  m_EditorClassIdentifier: 
  m_InitializeOnEnable: 0
  m_Mass: 1
  m_StartVelocityMultiplier: 1
  m_GravityMagnitude: 9.8
  m_Speed: 1
  m_RotationSpeed: 4
  m_Damping: 0.1
  m_RotationDamping: 0.1
  m_RotateInMoveDirection: 0
  m_SettleThreshold: 0
  m_SidewaysSettleThreshold: 0.05
  m_StartSidewaysVelocityMagnitude: 3
  m_ImpactLayers:
    serializedVersion: 2
    m_Bits: 268435435
  m_SurfaceImpact: {fileID: 0}
  m_ForceMultiplier: 40
  m_CollisionMode: 1
  m_ReflectMultiplier: 1
  m_MaxCollisionCount: 5
  m_MaxPositionCount: 150
  m_ActiveAudioClipSet:
    m_Delay: 0
    m_AudioClips: []
--- !u!114 &5902410196265501484
MonoBehaviour:
  m_ObjectHideFlags: 0
  m_CorrespondingSourceObject: {fileID: 0}
  m_PrefabInstance: {fileID: 0}
  m_PrefabAsset: {fileID: 0}
  m_GameObject: {fileID: 8743482679963055820}
  m_Enabled: 1
  m_EditorHideFlags: 0
  m_Script: {fileID: 11500000, guid: edead2b42b914a84faf341ae0d10c805, type: 3}
  m_Name: 
  m_EditorClassIdentifier: 
  m_States:
  - m_Name: Default
    m_Preset: {fileID: 0}
    m_BlockList: []
    m_Default: 1
  m_ForceVisible: 0
  m_FirstPersonVisibleOnDeath: 0
--- !u!82 &2477542724012110887
AudioSource:
  m_ObjectHideFlags: 0
  m_CorrespondingSourceObject: {fileID: 0}
  m_PrefabInstance: {fileID: 0}
  m_PrefabAsset: {fileID: 0}
  m_GameObject: {fileID: 8743482679963055820}
  m_Enabled: 1
  serializedVersion: 4
  OutputAudioMixerGroup: {fileID: 0}
  m_audioClip: {fileID: 0}
  m_PlayOnAwake: 0
  m_Volume: 1
  m_Pitch: 1
  Loop: 0
  Mute: 0
  Spatialize: 0
  SpatializePostEffects: 0
  Priority: 128
  DopplerLevel: 1
  MinDistance: 1
  MaxDistance: 20
  Pan2D: 0
  rolloffMode: 0
  BypassEffects: 0
  BypassListenerEffects: 0
  BypassReverbZones: 0
  rolloffCustomCurve:
    serializedVersion: 2
    m_Curve:
    - serializedVersion: 3
      time: 0
      value: 1
      inSlope: 0
      outSlope: 0
      tangentMode: 0
      weightedMode: 0
      inWeight: 0.33333334
      outWeight: 0.33333334
    - serializedVersion: 3
      time: 1
      value: 0
      inSlope: 0
      outSlope: 0
      tangentMode: 0
      weightedMode: 0
      inWeight: 0.33333334
      outWeight: 0.33333334
    m_PreInfinity: 2
    m_PostInfinity: 2
    m_RotationOrder: 4
  panLevelCustomCurve:
    serializedVersion: 2
    m_Curve:
    - serializedVersion: 3
      time: 0
      value: 1
      inSlope: 0
      outSlope: 0
      tangentMode: 0
      weightedMode: 0
      inWeight: 0.33333334
      outWeight: 0.33333334
    m_PreInfinity: 2
    m_PostInfinity: 2
    m_RotationOrder: 4
  spreadCustomCurve:
    serializedVersion: 2
    m_Curve:
    - serializedVersion: 3
      time: 0
      value: 0
      inSlope: 0
      outSlope: 0
      tangentMode: 0
      weightedMode: 0
      inWeight: 0.33333334
      outWeight: 0.33333334
    m_PreInfinity: 2
    m_PostInfinity: 2
    m_RotationOrder: 4
  reverbZoneMixCustomCurve:
    serializedVersion: 2
    m_Curve:
    - serializedVersion: 3
      time: 0
      value: 1
      inSlope: 0
      outSlope: 0
      tangentMode: 0
      weightedMode: 0
      inWeight: 0.33333334
      outWeight: 0.33333334
    m_PreInfinity: 2
    m_PostInfinity: 2
    m_RotationOrder: 4
