%YAML 1.1
%TAG !u! tag:unity3d.com,2011:
--- !u!1 &3979490440775690835
GameObject:
  m_ObjectHideFlags: 0
  m_CorrespondingSourceObject: {fileID: 0}
  m_PrefabInstance: {fileID: 0}
  m_PrefabAsset: {fileID: 0}
  serializedVersion: 6
  m_Component:
  - component: {fileID: 3979490440775690834}
  m_Layer: 0
  m_Name: SpawnPoint
  m_TagString: Untagged
  m_Icon: {fileID: 0}
  m_NavMeshLayer: 0
  m_StaticEditorFlags: 0
  m_IsActive: 1
--- !u!4 &3979490440775690834
Transform:
  m_ObjectHideFlags: 0
  m_CorrespondingSourceObject: {fileID: 0}
  m_PrefabInstance: {fileID: 0}
  m_PrefabAsset: {fileID: 0}
  m_GameObject: {fileID: 3979490440775690835}
  m_LocalRotation: {x: 0, y: 0, z: 0, w: 1}
  m_LocalPosition: {x: -28.4, y: 3.02, z: -19.8}
  m_LocalScale: {x: 1, y: 1, z: 1}
  m_Children: []
  m_Father: {fileID: 3979490440817065268}
  m_RootOrder: 4
  m_LocalEulerAnglesHint: {x: 0, y: 0, z: 0}
--- !u!1 &3979490440817065269
GameObject:
  m_ObjectHideFlags: 0
  m_CorrespondingSourceObject: {fileID: 0}
  m_PrefabInstance: {fileID: 0}
  m_PrefabAsset: {fileID: 0}
  serializedVersion: 6
  m_Component:
  - component: {fileID: 3979490440817065268}
  - component: {fileID: 3979490440817065267}
  m_Layer: 0
  m_Name: MonsterGroupLava
  m_TagString: Untagged
  m_Icon: {fileID: 0}
  m_NavMeshLayer: 0
  m_StaticEditorFlags: 0
  m_IsActive: 1
--- !u!4 &3979490440817065268
Transform:
  m_ObjectHideFlags: 0
  m_CorrespondingSourceObject: {fileID: 0}
  m_PrefabInstance: {fileID: 0}
  m_PrefabAsset: {fileID: 0}
  m_GameObject: {fileID: 3979490440817065269}
  m_LocalRotation: {x: -0, y: -0, z: -0, w: 1}
  m_LocalPosition: {x: -57.3, y: 0, z: -130.8}
  m_LocalScale: {x: 1, y: 1, z: 1}
  m_Children:
  - {fileID: 9153681004842336887}
  - {fileID: 2025750712293834669}
  - {fileID: 2025750713340322765}
  - {fileID: 2025750712231996016}
  - {fileID: 3979490440775690834}
  m_Father: {fileID: 0}
  m_RootOrder: 0
  m_LocalEulerAnglesHint: {x: 0, y: 0, z: 0}
--- !u!114 &3979490440817065267
MonoBehaviour:
  m_ObjectHideFlags: 0
  m_CorrespondingSourceObject: {fileID: 0}
  m_PrefabInstance: {fileID: 0}
  m_PrefabAsset: {fileID: 0}
  m_GameObject: {fileID: 3979490440817065269}
  m_Enabled: 1
  m_EditorHideFlags: 0
  m_Script: {fileID: 11500000, guid: 7075a0ae8d60c4e4f914e3fabd279376, type: 3}
  m_Name: 
  m_EditorClassIdentifier: 
  _landtype: Forest
  _monsters:
  - {fileID: 2025750712293834669}
  - {fileID: 2025750713340322765}
  - {fileID: 2025750712231996016}
  _bossMonster: {fileID: 0}
  _spawnOnDeath: []
  _dead: 0
  _groupInformed: 0
--- !u!1001 &3979490439803283420
PrefabInstance:
  m_ObjectHideFlags: 0
  serializedVersion: 2
  m_Modification:
    m_TransformParent: {fileID: 3979490440817065268}
    m_Modifications:
    - target: {fileID: 877465511, guid: 6b637bff966d22c44b5c7e66265f105f, type: 3}
      propertyPath: _enemyforRadius
      value: 14
      objectReference: {fileID: 0}
    - target: {fileID: 877465511, guid: 6b637bff966d22c44b5c7e66265f105f, type: 3}
      propertyPath: _roamingRadius
      value: 15
      objectReference: {fileID: 0}
    - target: {fileID: 1213116968252905783, guid: 6b637bff966d22c44b5c7e66265f105f, type: 3}
      propertyPath: sceneViewId
      value: 0
      objectReference: {fileID: 0}
    - target: {fileID: 2337021165449303830, guid: 6b637bff966d22c44b5c7e66265f105f, type: 3}
      propertyPath: m_Name
      value: Monster (1)
      objectReference: {fileID: 0}
    - target: {fileID: 2337021165449303830, guid: 6b637bff966d22c44b5c7e66265f105f, type: 3}
      propertyPath: m_IsActive
      value: 1
      objectReference: {fileID: 0}
    - target: {fileID: 3108914150430772652, guid: 6b637bff966d22c44b5c7e66265f105f, type: 3}
      propertyPath: m_LocalPosition.x
      value: -55.3
      objectReference: {fileID: 0}
    - target: {fileID: 3108914150430772652, guid: 6b637bff966d22c44b5c7e66265f105f, type: 3}
      propertyPath: m_LocalPosition.y
      value: 1.78
      objectReference: {fileID: 0}
    - target: {fileID: 3108914150430772652, guid: 6b637bff966d22c44b5c7e66265f105f, type: 3}
      propertyPath: m_LocalPosition.z
      value: 21.3
      objectReference: {fileID: 0}
    - target: {fileID: 3108914150430772652, guid: 6b637bff966d22c44b5c7e66265f105f, type: 3}
      propertyPath: m_LocalRotation.x
      value: -0
      objectReference: {fileID: 0}
    - target: {fileID: 3108914150430772652, guid: 6b637bff966d22c44b5c7e66265f105f, type: 3}
      propertyPath: m_LocalRotation.y
      value: 0.72211456
      objectReference: {fileID: 0}
    - target: {fileID: 3108914150430772652, guid: 6b637bff966d22c44b5c7e66265f105f, type: 3}
      propertyPath: m_LocalRotation.z
      value: -0
      objectReference: {fileID: 0}
    - target: {fileID: 3108914150430772652, guid: 6b637bff966d22c44b5c7e66265f105f, type: 3}
      propertyPath: m_LocalRotation.w
      value: 0.6917735
      objectReference: {fileID: 0}
    - target: {fileID: 3108914150430772652, guid: 6b637bff966d22c44b5c7e66265f105f, type: 3}
      propertyPath: m_RootOrder
      value: 3
      objectReference: {fileID: 0}
    - target: {fileID: 3108914150430772652, guid: 6b637bff966d22c44b5c7e66265f105f, type: 3}
      propertyPath: m_LocalEulerAnglesHint.x
      value: 0
      objectReference: {fileID: 0}
    - target: {fileID: 3108914150430772652, guid: 6b637bff966d22c44b5c7e66265f105f, type: 3}
      propertyPath: m_LocalEulerAnglesHint.y
      value: 92.459
      objectReference: {fileID: 0}
    - target: {fileID: 3108914150430772652, guid: 6b637bff966d22c44b5c7e66265f105f, type: 3}
      propertyPath: m_LocalEulerAnglesHint.z
      value: 0
      objectReference: {fileID: 0}
    - target: {fileID: 3108914150430772652, guid: 6b637bff966d22c44b5c7e66265f105f, type: 3}
      propertyPath: m_LocalScale.x
      value: 1.5
      objectReference: {fileID: 0}
    - target: {fileID: 3108914150430772652, guid: 6b637bff966d22c44b5c7e66265f105f, type: 3}
      propertyPath: m_LocalScale.y
      value: 1.5
      objectReference: {fileID: 0}
    - target: {fileID: 3108914150430772652, guid: 6b637bff966d22c44b5c7e66265f105f, type: 3}
      propertyPath: m_LocalScale.z
      value: 1.5
      objectReference: {fileID: 0}
    m_RemovedComponents: []
  m_SourcePrefab: {fileID: 100100000, guid: 6b637bff966d22c44b5c7e66265f105f, type: 3}
--- !u!4 &2025750712231996016 stripped
Transform:
  m_CorrespondingSourceObject: {fileID: 3108914150430772652, guid: 6b637bff966d22c44b5c7e66265f105f, type: 3}
  m_PrefabInstance: {fileID: 3979490439803283420}
  m_PrefabAsset: {fileID: 0}
--- !u!1001 &3979490439951036929
PrefabInstance:
  m_ObjectHideFlags: 0
  serializedVersion: 2
  m_Modification:
    m_TransformParent: {fileID: 3979490440817065268}
    m_Modifications:
    - target: {fileID: 877465511, guid: 6b637bff966d22c44b5c7e66265f105f, type: 3}
      propertyPath: _enemyforRadius
      value: 14
      objectReference: {fileID: 0}
    - target: {fileID: 877465511, guid: 6b637bff966d22c44b5c7e66265f105f, type: 3}
      propertyPath: _roamingRadius
      value: 15
      objectReference: {fileID: 0}
    - target: {fileID: 1213116968252905783, guid: 6b637bff966d22c44b5c7e66265f105f, type: 3}
      propertyPath: sceneViewId
      value: 0
      objectReference: {fileID: 0}
    - target: {fileID: 2337021165449303830, guid: 6b637bff966d22c44b5c7e66265f105f, type: 3}
      propertyPath: m_Name
      value: Monster
      objectReference: {fileID: 0}
    - target: {fileID: 2337021165449303830, guid: 6b637bff966d22c44b5c7e66265f105f, type: 3}
      propertyPath: m_IsActive
      value: 1
      objectReference: {fileID: 0}
    - target: {fileID: 3108914150430772652, guid: 6b637bff966d22c44b5c7e66265f105f, type: 3}
      propertyPath: m_LocalPosition.x
      value: -5.42
      objectReference: {fileID: 0}
    - target: {fileID: 3108914150430772652, guid: 6b637bff966d22c44b5c7e66265f105f, type: 3}
      propertyPath: m_LocalPosition.y
      value: -1.03
      objectReference: {fileID: 0}
    - target: {fileID: 3108914150430772652, guid: 6b637bff966d22c44b5c7e66265f105f, type: 3}
      propertyPath: m_LocalPosition.z
      value: 27.8
      objectReference: {fileID: 0}
    - target: {fileID: 3108914150430772652, guid: 6b637bff966d22c44b5c7e66265f105f, type: 3}
      propertyPath: m_LocalRotation.x
      value: -0
      objectReference: {fileID: 0}
    - target: {fileID: 3108914150430772652, guid: 6b637bff966d22c44b5c7e66265f105f, type: 3}
      propertyPath: m_LocalRotation.y
      value: 0.72211456
      objectReference: {fileID: 0}
    - target: {fileID: 3108914150430772652, guid: 6b637bff966d22c44b5c7e66265f105f, type: 3}
      propertyPath: m_LocalRotation.z
      value: -0
      objectReference: {fileID: 0}
    - target: {fileID: 3108914150430772652, guid: 6b637bff966d22c44b5c7e66265f105f, type: 3}
      propertyPath: m_LocalRotation.w
      value: 0.6917735
      objectReference: {fileID: 0}
    - target: {fileID: 3108914150430772652, guid: 6b637bff966d22c44b5c7e66265f105f, type: 3}
      propertyPath: m_RootOrder
      value: 1
      objectReference: {fileID: 0}
    - target: {fileID: 3108914150430772652, guid: 6b637bff966d22c44b5c7e66265f105f, type: 3}
      propertyPath: m_LocalEulerAnglesHint.x
      value: 0
      objectReference: {fileID: 0}
    - target: {fileID: 3108914150430772652, guid: 6b637bff966d22c44b5c7e66265f105f, type: 3}
      propertyPath: m_LocalEulerAnglesHint.y
      value: 92.459
      objectReference: {fileID: 0}
    - target: {fileID: 3108914150430772652, guid: 6b637bff966d22c44b5c7e66265f105f, type: 3}
      propertyPath: m_LocalEulerAnglesHint.z
      value: 0
      objectReference: {fileID: 0}
    - target: {fileID: 3108914150430772652, guid: 6b637bff966d22c44b5c7e66265f105f, type: 3}
      propertyPath: m_LocalScale.x
      value: 1.5
      objectReference: {fileID: 0}
    - target: {fileID: 3108914150430772652, guid: 6b637bff966d22c44b5c7e66265f105f, type: 3}
      propertyPath: m_LocalScale.y
      value: 1.5
      objectReference: {fileID: 0}
    - target: {fileID: 3108914150430772652, guid: 6b637bff966d22c44b5c7e66265f105f, type: 3}
      propertyPath: m_LocalScale.z
      value: 1.5
      objectReference: {fileID: 0}
    m_RemovedComponents: []
  m_SourcePrefab: {fileID: 100100000, guid: 6b637bff966d22c44b5c7e66265f105f, type: 3}
--- !u!4 &2025750712293834669 stripped
Transform:
  m_CorrespondingSourceObject: {fileID: 3108914150430772652, guid: 6b637bff966d22c44b5c7e66265f105f, type: 3}
  m_PrefabInstance: {fileID: 3979490439951036929}
  m_PrefabAsset: {fileID: 0}
--- !u!1001 &3979490441047862881
PrefabInstance:
  m_ObjectHideFlags: 0
  serializedVersion: 2
  m_Modification:
    m_TransformParent: {fileID: 3979490440817065268}
    m_Modifications:
    - target: {fileID: 877465511, guid: 6b637bff966d22c44b5c7e66265f105f, type: 3}
      propertyPath: _enemyforRadius
      value: 14
      objectReference: {fileID: 0}
    - target: {fileID: 1213116968252905783, guid: 6b637bff966d22c44b5c7e66265f105f, type: 3}
      propertyPath: sceneViewId
      value: 0
      objectReference: {fileID: 0}
    - target: {fileID: 2337021165449303830, guid: 6b637bff966d22c44b5c7e66265f105f, type: 3}
      propertyPath: m_Name
      value: Monster (2)
      objectReference: {fileID: 0}
    - target: {fileID: 2337021165449303830, guid: 6b637bff966d22c44b5c7e66265f105f, type: 3}
      propertyPath: m_IsActive
      value: 1
      objectReference: {fileID: 0}
    - target: {fileID: 3108914150430772652, guid: 6b637bff966d22c44b5c7e66265f105f, type: 3}
      propertyPath: m_LocalPosition.x
      value: -39.6
      objectReference: {fileID: 0}
    - target: {fileID: 3108914150430772652, guid: 6b637bff966d22c44b5c7e66265f105f, type: 3}
      propertyPath: m_LocalPosition.y
      value: -1
      objectReference: {fileID: 0}
    - target: {fileID: 3108914150430772652, guid: 6b637bff966d22c44b5c7e66265f105f, type: 3}
      propertyPath: m_LocalPosition.z
      value: 46.4
      objectReference: {fileID: 0}
    - target: {fileID: 3108914150430772652, guid: 6b637bff966d22c44b5c7e66265f105f, type: 3}
      propertyPath: m_LocalRotation.x
      value: -0
      objectReference: {fileID: 0}
    - target: {fileID: 3108914150430772652, guid: 6b637bff966d22c44b5c7e66265f105f, type: 3}
      propertyPath: m_LocalRotation.y
      value: 0.72211456
      objectReference: {fileID: 0}
    - target: {fileID: 3108914150430772652, guid: 6b637bff966d22c44b5c7e66265f105f, type: 3}
      propertyPath: m_LocalRotation.z
      value: -0
      objectReference: {fileID: 0}
    - target: {fileID: 3108914150430772652, guid: 6b637bff966d22c44b5c7e66265f105f, type: 3}
      propertyPath: m_LocalRotation.w
      value: 0.6917735
      objectReference: {fileID: 0}
    - target: {fileID: 3108914150430772652, guid: 6b637bff966d22c44b5c7e66265f105f, type: 3}
      propertyPath: m_RootOrder
      value: 2
      objectReference: {fileID: 0}
    - target: {fileID: 3108914150430772652, guid: 6b637bff966d22c44b5c7e66265f105f, type: 3}
      propertyPath: m_LocalEulerAnglesHint.x
      value: 0
      objectReference: {fileID: 0}
    - target: {fileID: 3108914150430772652, guid: 6b637bff966d22c44b5c7e66265f105f, type: 3}
      propertyPath: m_LocalEulerAnglesHint.y
      value: 92.459
      objectReference: {fileID: 0}
    - target: {fileID: 3108914150430772652, guid: 6b637bff966d22c44b5c7e66265f105f, type: 3}
      propertyPath: m_LocalEulerAnglesHint.z
      value: 0
      objectReference: {fileID: 0}
    - target: {fileID: 3108914150430772652, guid: 6b637bff966d22c44b5c7e66265f105f, type: 3}
      propertyPath: m_LocalScale.x
      value: 1.5
      objectReference: {fileID: 0}
    - target: {fileID: 3108914150430772652, guid: 6b637bff966d22c44b5c7e66265f105f, type: 3}
      propertyPath: m_LocalScale.y
      value: 1.5
      objectReference: {fileID: 0}
    - target: {fileID: 3108914150430772652, guid: 6b637bff966d22c44b5c7e66265f105f, type: 3}
      propertyPath: m_LocalScale.z
      value: 1.5
      objectReference: {fileID: 0}
    m_RemovedComponents: []
  m_SourcePrefab: {fileID: 100100000, guid: 6b637bff966d22c44b5c7e66265f105f, type: 3}
--- !u!4 &2025750713340322765 stripped
Transform:
  m_CorrespondingSourceObject: {fileID: 3108914150430772652, guid: 6b637bff966d22c44b5c7e66265f105f, type: 3}
  m_PrefabInstance: {fileID: 3979490441047862881}
  m_PrefabAsset: {fileID: 0}
--- !u!1001 &8353610896639995099
PrefabInstance:
  m_ObjectHideFlags: 0
  serializedVersion: 2
  m_Modification:
    m_TransformParent: {fileID: 3979490440817065268}
    m_Modifications:
    - target: {fileID: 929312423881567916, guid: 225ae8d4170d0cb4295a74ea58751880, type: 3}
      propertyPath: m_LocalPosition.x
      value: -33.92
      objectReference: {fileID: 0}
    - target: {fileID: 929312423881567916, guid: 225ae8d4170d0cb4295a74ea58751880, type: 3}
      propertyPath: m_LocalPosition.y
      value: -0.67
      objectReference: {fileID: 0}
    - target: {fileID: 929312423881567916, guid: 225ae8d4170d0cb4295a74ea58751880, type: 3}
      propertyPath: m_LocalPosition.z
      value: -6.13
      objectReference: {fileID: 0}
    - target: {fileID: 929312423881567916, guid: 225ae8d4170d0cb4295a74ea58751880, type: 3}
      propertyPath: m_LocalRotation.x
      value: -0
      objectReference: {fileID: 0}
    - target: {fileID: 929312423881567916, guid: 225ae8d4170d0cb4295a74ea58751880, type: 3}
      propertyPath: m_LocalRotation.y
      value: -0
      objectReference: {fileID: 0}
    - target: {fileID: 929312423881567916, guid: 225ae8d4170d0cb4295a74ea58751880, type: 3}
      propertyPath: m_LocalRotation.z
      value: -0
      objectReference: {fileID: 0}
    - target: {fileID: 929312423881567916, guid: 225ae8d4170d0cb4295a74ea58751880, type: 3}
      propertyPath: m_LocalRotation.w
      value: 1
      objectReference: {fileID: 0}
    - target: {fileID: 929312423881567916, guid: 225ae8d4170d0cb4295a74ea58751880, type: 3}
      propertyPath: m_RootOrder
      value: 0
      objectReference: {fileID: 0}
    - target: {fileID: 929312423881567916, guid: 225ae8d4170d0cb4295a74ea58751880, type: 3}
      propertyPath: m_LocalEulerAnglesHint.x
      value: 0
      objectReference: {fileID: 0}
    - target: {fileID: 929312423881567916, guid: 225ae8d4170d0cb4295a74ea58751880, type: 3}
      propertyPath: m_LocalEulerAnglesHint.y
      value: 0
      objectReference: {fileID: 0}
    - target: {fileID: 929312423881567916, guid: 225ae8d4170d0cb4295a74ea58751880, type: 3}
      propertyPath: m_LocalEulerAnglesHint.z
      value: 0
      objectReference: {fileID: 0}
    - target: {fileID: 929312423881929420, guid: 225ae8d4170d0cb4295a74ea58751880, type: 3}
      propertyPath: m_Name
      value: MainMonsterLava
      objectReference: {fileID: 0}
    - target: {fileID: 5432364093977741981, guid: 225ae8d4170d0cb4295a74ea58751880, type: 3}
      propertyPath: _spawnPosition
      value: 
      objectReference: {fileID: 3979490440775690834}
    m_RemovedComponents: []
  m_SourcePrefab: {fileID: 100100000, guid: 225ae8d4170d0cb4295a74ea58751880, type: 3}
--- !u!4 &9153681004842336887 stripped
Transform:
  m_CorrespondingSourceObject: {fileID: 929312423881567916, guid: 225ae8d4170d0cb4295a74ea58751880, type: 3}
  m_PrefabInstance: {fileID: 8353610896639995099}
  m_PrefabAsset: {fileID: 0}
