%YAML 1.1
%TAG !u! tag:unity3d.com,2011:
--- !u!1 &1190115757108606016
GameObject:
  m_ObjectHideFlags: 0
  m_CorrespondingSourceObject: {fileID: 0}
  m_PrefabInstance: {fileID: 0}
  m_PrefabAsset: {fileID: 0}
  serializedVersion: 6
  m_Component:
  - component: {fileID: 1190115757108373920}
  m_Layer: 0
  m_Name: WingMiddle03_Right
  m_TagString: Untagged
  m_Icon: {fileID: 0}
  m_NavMeshLayer: 0
  m_StaticEditorFlags: 0
  m_IsActive: 1
--- !u!4 &1190115757108373920
Transform:
  m_ObjectHideFlags: 0
  m_CorrespondingSourceObject: {fileID: 0}
  m_PrefabInstance: {fileID: 0}
  m_PrefabAsset: {fileID: 0}
  m_GameObject: {fileID: 1190115757108606016}
  m_LocalRotation: {x: 0.20364, y: 0.21930991, z: -0.018251846, w: 0.953992}
  m_LocalPosition: {x: -59.836937, y: -8.031987, z: 5.0753827}
  m_LocalScale: {x: 1, y: 1, z: 1}
  m_Children: []
  m_Father: {fileID: 1190115757108373948}
  m_RootOrder: 0
  m_LocalEulerAnglesHint: {x: 0, y: 0, z: 0}
--- !u!1 &1190115757108606018
GameObject:
  m_ObjectHideFlags: 0
  m_CorrespondingSourceObject: {fileID: 0}
  m_PrefabInstance: {fileID: 0}
  m_PrefabAsset: {fileID: 0}
  serializedVersion: 6
  m_Component:
  - component: {fileID: 1190115757108373922}
  m_Layer: 0
  m_Name: WingPinky01_Left
  m_TagString: Untagged
  m_Icon: {fileID: 0}
  m_NavMeshLayer: 0
  m_StaticEditorFlags: 0
  m_IsActive: 1
--- !u!4 &1190115757108373922
Transform:
  m_ObjectHideFlags: 0
  m_CorrespondingSourceObject: {fileID: 0}
  m_PrefabInstance: {fileID: 0}
  m_PrefabAsset: {fileID: 0}
  m_GameObject: {fileID: 1190115757108606018}
  m_LocalRotation: {x: 0.24388361, y: -0.51993316, z: 0.1578975, w: 0.80327994}
  m_LocalPosition: {x: -79.30251, y: 5.9691663, z: -69.80718}
  m_LocalScale: {x: 1, y: 1, z: 1}
  m_Children:
  - {fileID: 1190115757108373926}
  m_Father: {fileID: 1190115757108373894}
  m_RootOrder: 2
  m_LocalEulerAnglesHint: {x: 0, y: 0, z: 0}
--- !u!1 &1190115757108606020
GameObject:
  m_ObjectHideFlags: 0
  m_CorrespondingSourceObject: {fileID: 0}
  m_PrefabInstance: {fileID: 0}
  m_PrefabAsset: {fileID: 0}
  serializedVersion: 6
  m_Component:
  - component: {fileID: 1190115757108373924}
  m_Layer: 0
  m_Name: WingPinky01_Right
  m_TagString: Untagged
  m_Icon: {fileID: 0}
  m_NavMeshLayer: 0
  m_StaticEditorFlags: 0
  m_IsActive: 1
--- !u!4 &1190115757108373924
Transform:
  m_ObjectHideFlags: 0
  m_CorrespondingSourceObject: {fileID: 0}
  m_PrefabInstance: {fileID: 0}
  m_PrefabAsset: {fileID: 0}
  m_GameObject: {fileID: 1190115757108606020}
  m_LocalRotation: {x: -0.7824194, y: 0.23019865, z: 0.090841286, w: 0.5714686}
  m_LocalPosition: {x: -77.04128, y: 14.535965, z: 74.39737}
  m_LocalScale: {x: 1, y: 1, z: 1}
  m_Children:
  - {fileID: 1190115757108373928}
  m_Father: {fileID: 1190115757108373896}
  m_RootOrder: 2
  m_LocalEulerAnglesHint: {x: 0, y: 0, z: 0}
--- !u!1 &1190115757108606022
GameObject:
  m_ObjectHideFlags: 0
  m_CorrespondingSourceObject: {fileID: 0}
  m_PrefabInstance: {fileID: 0}
  m_PrefabAsset: {fileID: 0}
  serializedVersion: 6
  m_Component:
  - component: {fileID: 1190115757108373926}
  m_Layer: 0
  m_Name: WingPinky02_Left
  m_TagString: Untagged
  m_Icon: {fileID: 0}
  m_NavMeshLayer: 0
  m_StaticEditorFlags: 0
  m_IsActive: 1
--- !u!4 &1190115757108373926
Transform:
  m_ObjectHideFlags: 0
  m_CorrespondingSourceObject: {fileID: 0}
  m_PrefabInstance: {fileID: 0}
  m_PrefabAsset: {fileID: 0}
  m_GameObject: {fileID: 1190115757108606022}
  m_LocalRotation: {x: -0.46431553, y: -0.23714174, z: 0.17308965, w: 0.8355925}
  m_LocalPosition: {x: -80.80325, y: 0, z: -2.842171e-14}
  m_LocalScale: {x: 1, y: 1, z: 1}
  m_Children:
  - {fileID: 1190115757108373930}
  m_Father: {fileID: 1190115757108373922}
  m_RootOrder: 0
  m_LocalEulerAnglesHint: {x: 0, y: 0, z: 0}
--- !u!1 &1190115757108606024
GameObject:
  m_ObjectHideFlags: 0
  m_CorrespondingSourceObject: {fileID: 0}
  m_PrefabInstance: {fileID: 0}
  m_PrefabAsset: {fileID: 0}
  serializedVersion: 6
  m_Component:
  - component: {fileID: 1190115757108373928}
  m_Layer: 0
  m_Name: WingPinky02_Right
  m_TagString: Untagged
  m_Icon: {fileID: 0}
  m_NavMeshLayer: 0
  m_StaticEditorFlags: 0
  m_IsActive: 1
--- !u!4 &1190115757108373928
Transform:
  m_ObjectHideFlags: 0
  m_CorrespondingSourceObject: {fileID: 0}
  m_PrefabInstance: {fileID: 0}
  m_PrefabAsset: {fileID: 0}
  m_GameObject: {fileID: 1190115757108606024}
  m_LocalRotation: {x: 0.76724946, y: 0.22227488, z: 0.19262038, w: 0.5699295}
  m_LocalPosition: {x: -60.879173, y: -35.732304, z: -10.194696}
  m_LocalScale: {x: 1, y: 1, z: 1}
  m_Children:
  - {fileID: 1190115757108373932}
  m_Father: {fileID: 1190115757108373924}
  m_RootOrder: 0
  m_LocalEulerAnglesHint: {x: 0, y: 0, z: 0}
--- !u!1 &1190115757108606026
GameObject:
  m_ObjectHideFlags: 0
  m_CorrespondingSourceObject: {fileID: 0}
  m_PrefabInstance: {fileID: 0}
  m_PrefabAsset: {fileID: 0}
  serializedVersion: 6
  m_Component:
  - component: {fileID: 1190115757108373930}
  m_Layer: 0
  m_Name: WingPinky03_Left
  m_TagString: Untagged
  m_Icon: {fileID: 0}
  m_NavMeshLayer: 0
  m_StaticEditorFlags: 0
  m_IsActive: 1
--- !u!4 &1190115757108373930
Transform:
  m_ObjectHideFlags: 0
  m_CorrespondingSourceObject: {fileID: 0}
  m_PrefabInstance: {fileID: 0}
  m_PrefabAsset: {fileID: 0}
  m_GameObject: {fileID: 1190115757108606026}
  m_LocalRotation: {x: 0.00412324, y: -0.26514757, z: 0.088505164, w: 0.9601285}
  m_LocalPosition: {x: -37.346996, y: -3.7557201, z: 6.947087}
  m_LocalScale: {x: 1, y: 1, z: 1}
  m_Children: []
  m_Father: {fileID: 1190115757108373926}
  m_RootOrder: 0
  m_LocalEulerAnglesHint: {x: 0, y: 0, z: 0}
--- !u!1 &1190115757108606028
GameObject:
  m_ObjectHideFlags: 0
  m_CorrespondingSourceObject: {fileID: 0}
  m_PrefabInstance: {fileID: 0}
  m_PrefabAsset: {fileID: 0}
  serializedVersion: 6
  m_Component:
  - component: {fileID: 1190115757108373932}
  m_Layer: 0
  m_Name: WingPinky03_Right
  m_TagString: Untagged
  m_Icon: {fileID: 0}
  m_NavMeshLayer: 0
  m_StaticEditorFlags: 0
  m_IsActive: 1
--- !u!4 &1190115757108373932
Transform:
  m_ObjectHideFlags: 0
  m_CorrespondingSourceObject: {fileID: 0}
  m_PrefabInstance: {fileID: 0}
  m_PrefabAsset: {fileID: 0}
  m_GameObject: {fileID: 1190115757108606028}
  m_LocalRotation: {x: 0.16264552, y: 0.2213428, z: 0.06805331, w: 0.95912594}
  m_LocalPosition: {x: -35.481777, y: -2.5989552, z: 19.48109}
  m_LocalScale: {x: 1, y: 1, z: 1}
  m_Children: []
  m_Father: {fileID: 1190115757108373928}
  m_RootOrder: 0
  m_LocalEulerAnglesHint: {x: 0, y: 0, z: 0}
--- !u!1 &1190115757108606032
GameObject:
  m_ObjectHideFlags: 0
  m_CorrespondingSourceObject: {fileID: 0}
  m_PrefabInstance: {fileID: 0}
  m_PrefabAsset: {fileID: 0}
  serializedVersion: 6
  m_Component:
  - component: {fileID: 1190115757108373936}
  m_Layer: 0
  m_Name: WingIndex02_Right
  m_TagString: Untagged
  m_Icon: {fileID: 0}
  m_NavMeshLayer: 0
  m_StaticEditorFlags: 0
  m_IsActive: 1
--- !u!4 &1190115757108373936
Transform:
  m_ObjectHideFlags: 0
  m_CorrespondingSourceObject: {fileID: 0}
  m_PrefabInstance: {fileID: 0}
  m_PrefabAsset: {fileID: 0}
  m_GameObject: {fileID: 1190115757108606032}
  m_LocalRotation: {x: -0.2614561, y: 0.29179683, z: -0.10420329, w: 0.9141319}
  m_LocalPosition: {x: -80.64433, y: 5.4374785, z: -20.125755}
  m_LocalScale: {x: 1, y: 1, z: 1}
  m_Children:
  - {fileID: 1190115757108373940}
  m_Father: {fileID: 1190115757108373900}
  m_RootOrder: 0
  m_LocalEulerAnglesHint: {x: 0, y: 0, z: 0}
--- !u!1 &1190115757108606034
GameObject:
  m_ObjectHideFlags: 0
  m_CorrespondingSourceObject: {fileID: 0}
  m_PrefabInstance: {fileID: 0}
  m_PrefabAsset: {fileID: 0}
  serializedVersion: 6
  m_Component:
  - component: {fileID: 1190115757108373938}
  m_Layer: 0
  m_Name: WingIndex03_Left
  m_TagString: Untagged
  m_Icon: {fileID: 0}
  m_NavMeshLayer: 0
  m_StaticEditorFlags: 0
  m_IsActive: 1
--- !u!4 &1190115757108373938
Transform:
  m_ObjectHideFlags: 0
  m_CorrespondingSourceObject: {fileID: 0}
  m_PrefabInstance: {fileID: 0}
  m_PrefabAsset: {fileID: 0}
  m_GameObject: {fileID: 1190115757108606034}
  m_LocalRotation: {x: 0.07642023, y: -0.16267958, z: 0.13687994, w: 0.97414535}
  m_LocalPosition: {x: -75.364044, y: -25.96745, z: -15.29148}
  m_LocalScale: {x: 1, y: 1, z: 1}
  m_Children: []
  m_Father: {fileID: 1190115757108373902}
  m_RootOrder: 0
  m_LocalEulerAnglesHint: {x: 0, y: 0, z: 0}
--- !u!1 &1190115757108606036
GameObject:
  m_ObjectHideFlags: 0
  m_CorrespondingSourceObject: {fileID: 0}
  m_PrefabInstance: {fileID: 0}
  m_PrefabAsset: {fileID: 0}
  serializedVersion: 6
  m_Component:
  - component: {fileID: 1190115757108373940}
  m_Layer: 0
  m_Name: WingIndex03_Right
  m_TagString: Untagged
  m_Icon: {fileID: 0}
  m_NavMeshLayer: 0
  m_StaticEditorFlags: 0
  m_IsActive: 1
--- !u!4 &1190115757108373940
Transform:
  m_ObjectHideFlags: 0
  m_CorrespondingSourceObject: {fileID: 0}
  m_PrefabInstance: {fileID: 0}
  m_PrefabAsset: {fileID: 0}
  m_GameObject: {fileID: 1190115757108606036}
  m_LocalRotation: {x: 0.35325757, y: 0.25713417, z: 0.16535993, w: 0.8841647}
  m_LocalPosition: {x: -74.981834, y: -2.4238782, z: -2.4995291}
  m_LocalScale: {x: 1, y: 1, z: 1}
  m_Children: []
  m_Father: {fileID: 1190115757108373936}
  m_RootOrder: 0
  m_LocalEulerAnglesHint: {x: 0, y: 0, z: 0}
--- !u!1 &1190115757108606038
GameObject:
  m_ObjectHideFlags: 0
  m_CorrespondingSourceObject: {fileID: 0}
  m_PrefabInstance: {fileID: 0}
  m_PrefabAsset: {fileID: 0}
  serializedVersion: 6
  m_Component:
  - component: {fileID: 1190115757108373942}
  m_Layer: 0
  m_Name: WingMiddle01_Left
  m_TagString: Untagged
  m_Icon: {fileID: 0}
  m_NavMeshLayer: 0
  m_StaticEditorFlags: 0
  m_IsActive: 1
--- !u!4 &1190115757108373942
Transform:
  m_ObjectHideFlags: 0
  m_CorrespondingSourceObject: {fileID: 0}
  m_PrefabInstance: {fileID: 0}
  m_PrefabAsset: {fileID: 0}
  m_GameObject: {fileID: 1190115757108606038}
  m_LocalRotation: {x: 0.24837857, y: -0.46616718, z: 0.11304207, w: 0.8415567}
  m_LocalPosition: {x: -96.94168, y: 1.7039864, z: -55.12023}
  m_LocalScale: {x: 1, y: 1, z: 1}
  m_Children:
  - {fileID: 1190115757108373946}
  m_Father: {fileID: 1190115757108373894}
  m_RootOrder: 1
  m_LocalEulerAnglesHint: {x: 0, y: 0, z: 0}
--- !u!1 &1190115757108606040
GameObject:
  m_ObjectHideFlags: 0
  m_CorrespondingSourceObject: {fileID: 0}
  m_PrefabInstance: {fileID: 0}
  m_PrefabAsset: {fileID: 0}
  serializedVersion: 6
  m_Component:
  - component: {fileID: 1190115757108373944}
  m_Layer: 0
  m_Name: WingMiddle01_Right
  m_TagString: Untagged
  m_Icon: {fileID: 0}
  m_NavMeshLayer: 0
  m_StaticEditorFlags: 0
  m_IsActive: 1
--- !u!4 &1190115757108373944
Transform:
  m_ObjectHideFlags: 0
  m_CorrespondingSourceObject: {fileID: 0}
  m_PrefabInstance: {fileID: 0}
  m_PrefabAsset: {fileID: 0}
  m_GameObject: {fileID: 1190115757108606040}
  m_LocalRotation: {x: -0.12657522, y: 0.44383007, z: -0.044564348, w: 0.8860066}
  m_LocalPosition: {x: -93.681145, y: 10.631142, z: 57.248592}
  m_LocalScale: {x: 1, y: 1, z: 1}
  m_Children:
  - {fileID: 1190115757108373948}
  m_Father: {fileID: 1190115757108373896}
  m_RootOrder: 1
  m_LocalEulerAnglesHint: {x: 0, y: 0, z: 0}
--- !u!1 &1190115757108606042
GameObject:
  m_ObjectHideFlags: 0
  m_CorrespondingSourceObject: {fileID: 0}
  m_PrefabInstance: {fileID: 0}
  m_PrefabAsset: {fileID: 0}
  serializedVersion: 6
  m_Component:
  - component: {fileID: 1190115757108373946}
  m_Layer: 0
  m_Name: WingMiddle02_Left
  m_TagString: Untagged
  m_Icon: {fileID: 0}
  m_NavMeshLayer: 0
  m_StaticEditorFlags: 0
  m_IsActive: 1
--- !u!4 &1190115757108373946
Transform:
  m_ObjectHideFlags: 0
  m_CorrespondingSourceObject: {fileID: 0}
  m_PrefabInstance: {fileID: 0}
  m_PrefabAsset: {fileID: 0}
  m_GameObject: {fileID: 1190115757108606042}
  m_LocalRotation: {x: -0.5695671, y: -0.24856101, z: 0.22106138, w: 0.7516267}
  m_LocalPosition: {x: -82.14727, y: -1.1368684e-13, z: 0}
  m_LocalScale: {x: 1, y: 1, z: 1}
  m_Children:
  - {fileID: 1190115757108373950}
  m_Father: {fileID: 1190115757108373942}
  m_RootOrder: 0
  m_LocalEulerAnglesHint: {x: 0, y: 0, z: 0}
--- !u!1 &1190115757108606044
GameObject:
  m_ObjectHideFlags: 0
  m_CorrespondingSourceObject: {fileID: 0}
  m_PrefabInstance: {fileID: 0}
  m_PrefabAsset: {fileID: 0}
  serializedVersion: 6
  m_Component:
  - component: {fileID: 1190115757108373948}
  m_Layer: 0
  m_Name: WingMiddle02_Right
  m_TagString: Untagged
  m_Icon: {fileID: 0}
  m_NavMeshLayer: 0
  m_StaticEditorFlags: 0
  m_IsActive: 1
--- !u!4 &1190115757108373948
Transform:
  m_ObjectHideFlags: 0
  m_CorrespondingSourceObject: {fileID: 0}
  m_PrefabInstance: {fileID: 0}
  m_PrefabAsset: {fileID: 0}
  m_GameObject: {fileID: 1190115757108606044}
  m_LocalRotation: {x: 0.11652753, y: 0.3065477, z: 0.031695366, w: 0.9441638}
  m_LocalPosition: {x: -81.109116, y: -4.367067, z: 0.25528795}
  m_LocalScale: {x: 1, y: 1, z: 1}
  m_Children:
  - {fileID: 1190115757108373920}
  m_Father: {fileID: 1190115757108373944}
  m_RootOrder: 0
  m_LocalEulerAnglesHint: {x: 0, y: 0, z: 0}
--- !u!1 &1190115757108606046
GameObject:
  m_ObjectHideFlags: 0
  m_CorrespondingSourceObject: {fileID: 0}
  m_PrefabInstance: {fileID: 0}
  m_PrefabAsset: {fileID: 0}
  serializedVersion: 6
  m_Component:
  - component: {fileID: 1190115757108373950}
  m_Layer: 0
  m_Name: WingMiddle03_Left
  m_TagString: Untagged
  m_Icon: {fileID: 0}
  m_NavMeshLayer: 0
  m_StaticEditorFlags: 0
  m_IsActive: 1
--- !u!4 &1190115757108373950
Transform:
  m_ObjectHideFlags: 0
  m_CorrespondingSourceObject: {fileID: 0}
  m_PrefabInstance: {fileID: 0}
  m_PrefabAsset: {fileID: 0}
  m_GameObject: {fileID: 1190115757108606046}
  m_LocalRotation: {x: 0.009876687, y: -0.23722753, z: 0.14896433, w: 0.95991415}
  m_LocalPosition: {x: -62.43847, y: 1.563194e-13, z: 1.1368684e-13}
  m_LocalScale: {x: 1, y: 1, z: 1}
  m_Children: []
  m_Father: {fileID: 1190115757108373946}
  m_RootOrder: 0
  m_LocalEulerAnglesHint: {x: 0, y: 0, z: 0}
--- !u!1 &1190115757108606336
GameObject:
  m_ObjectHideFlags: 0
  m_CorrespondingSourceObject: {fileID: 0}
  m_PrefabInstance: {fileID: 0}
  m_PrefabAsset: {fileID: 0}
  serializedVersion: 6
  m_Component:
  - component: {fileID: 1190115757108373984}
  m_Layer: 0
  m_Name: Spine
  m_TagString: Untagged
  m_Icon: {fileID: 0}
  m_NavMeshLayer: 0
  m_StaticEditorFlags: 0
  m_IsActive: 1
--- !u!4 &1190115757108373984
Transform:
  m_ObjectHideFlags: 0
  m_CorrespondingSourceObject: {fileID: 0}
  m_PrefabInstance: {fileID: 0}
  m_PrefabAsset: {fileID: 0}
  m_GameObject: {fileID: 1190115757108606336}
  m_LocalRotation: {x: -2.7755576e-17, y: -8.6736174e-19, z: -0.26472527, w: 0.9643239}
  m_LocalPosition: {x: -126.06061, y: -5.684342e-14, z: 1.2621775e-29}
  m_LocalScale: {x: 1, y: 1, z: 1}
  m_Children:
  - {fileID: 1190115757108373968}
  - {fileID: 1190115757108373912}
  - {fileID: 1190115757108373914}
  - {fileID: 1190115757108373916}
  m_Father: {fileID: 1190115757108374014}
  m_RootOrder: 0
  m_LocalEulerAnglesHint: {x: 0, y: 0, z: 0}
--- !u!1 &1190115757108606338
GameObject:
  m_ObjectHideFlags: 0
  m_CorrespondingSourceObject: {fileID: 0}
  m_PrefabInstance: {fileID: 0}
  m_PrefabAsset: {fileID: 0}
  serializedVersion: 6
  m_Component:
  - component: {fileID: 1190115757108373986}
  m_Layer: 0
  m_Name: Tail01
  m_TagString: Untagged
  m_Icon: {fileID: 0}
  m_NavMeshLayer: 0
  m_StaticEditorFlags: 0
  m_IsActive: 1
--- !u!4 &1190115757108373986
Transform:
  m_ObjectHideFlags: 0
  m_CorrespondingSourceObject: {fileID: 0}
  m_PrefabInstance: {fileID: 0}
  m_PrefabAsset: {fileID: 0}
  m_GameObject: {fileID: 1190115757108606338}
  m_LocalRotation: {x: 0.33859748, y: 0.9409313, z: 7.834854e-17, w: -3.6882313e-17}
  m_LocalPosition: {x: 67.266884, y: -74.62644, z: 6.2138993e-15}
  m_LocalScale: {x: 1, y: 1, z: 1}
  m_Children:
  - {fileID: 1190115757108373988}
  m_Father: {fileID: 1190115757108374014}
  m_RootOrder: 1
  m_LocalEulerAnglesHint: {x: 0, y: 0, z: 0}
--- !u!1 &1190115757108606340
GameObject:
  m_ObjectHideFlags: 0
  m_CorrespondingSourceObject: {fileID: 0}
  m_PrefabInstance: {fileID: 0}
  m_PrefabAsset: {fileID: 0}
  serializedVersion: 6
  m_Component:
  - component: {fileID: 1190115757108373988}
  m_Layer: 0
  m_Name: Tail02
  m_TagString: Untagged
  m_Icon: {fileID: 0}
  m_NavMeshLayer: 0
  m_StaticEditorFlags: 0
  m_IsActive: 1
--- !u!4 &1190115757108373988
Transform:
  m_ObjectHideFlags: 0
  m_CorrespondingSourceObject: {fileID: 0}
  m_PrefabInstance: {fileID: 0}
  m_PrefabAsset: {fileID: 0}
  m_GameObject: {fileID: 1190115757108606340}
  m_LocalRotation: {x: 0, y: 0, z: -0.12814786, w: 0.9917551}
  m_LocalPosition: {x: -116.23379, y: 0, z: 5.1222806e-15}
  m_LocalScale: {x: 1, y: 1, z: 1}
  m_Children:
  - {fileID: 1190115757108373990}
  m_Father: {fileID: 1190115757108373986}
  m_RootOrder: 0
  m_LocalEulerAnglesHint: {x: 0, y: 0, z: 0}
--- !u!1 &1190115757108606342
GameObject:
  m_ObjectHideFlags: 0
  m_CorrespondingSourceObject: {fileID: 0}
  m_PrefabInstance: {fileID: 0}
  m_PrefabAsset: {fileID: 0}
  serializedVersion: 6
  m_Component:
  - component: {fileID: 1190115757108373990}
  m_Layer: 0
  m_Name: Tail03
  m_TagString: Untagged
  m_Icon: {fileID: 0}
  m_NavMeshLayer: 0
  m_StaticEditorFlags: 0
  m_IsActive: 1
--- !u!4 &1190115757108373990
Transform:
  m_ObjectHideFlags: 0
  m_CorrespondingSourceObject: {fileID: 0}
  m_PrefabInstance: {fileID: 0}
  m_PrefabAsset: {fileID: 0}
  m_GameObject: {fileID: 1190115757108606342}
  m_LocalRotation: {x: 0, y: 0, z: -0.13022643, w: 0.9914843}
  m_LocalPosition: {x: -113.724525, y: -2.842171e-14, z: -1.9661412e-14}
  m_LocalScale: {x: 1, y: 1, z: 1}
  m_Children:
  - {fileID: 1190115757108373992}
  m_Father: {fileID: 1190115757108373988}
  m_RootOrder: 0
  m_LocalEulerAnglesHint: {x: 0, y: 0, z: 0}
--- !u!1 &1190115757108606344
GameObject:
  m_ObjectHideFlags: 0
  m_CorrespondingSourceObject: {fileID: 0}
  m_PrefabInstance: {fileID: 0}
  m_PrefabAsset: {fileID: 0}
  serializedVersion: 6
  m_Component:
  - component: {fileID: 1190115757108373992}
  m_Layer: 0
  m_Name: TailEnd
  m_TagString: Untagged
  m_Icon: {fileID: 0}
  m_NavMeshLayer: 0
  m_StaticEditorFlags: 0
  m_IsActive: 1
--- !u!4 &1190115757108373992
Transform:
  m_ObjectHideFlags: 0
  m_CorrespondingSourceObject: {fileID: 0}
  m_PrefabInstance: {fileID: 0}
  m_PrefabAsset: {fileID: 0}
  m_GameObject: {fileID: 1190115757108606344}
  m_LocalRotation: {x: 0, y: 0, z: -0.042566836, w: 0.99909365}
  m_LocalPosition: {x: -132.38406, y: 2.842171e-14, z: -2.5570412e-14}
  m_LocalScale: {x: 1, y: 1, z: 1}
  m_Children: []
  m_Father: {fileID: 1190115757108373990}
  m_RootOrder: 0
  m_LocalEulerAnglesHint: {x: 0, y: 0, z: 0}
--- !u!1 &1190115757108606346
GameObject:
  m_ObjectHideFlags: 0
  m_CorrespondingSourceObject: {fileID: 0}
  m_PrefabInstance: {fileID: 0}
  m_PrefabAsset: {fileID: 0}
  serializedVersion: 6
  m_Component:
  - component: {fileID: 1190115757108373994}
  m_Layer: 0
  m_Name: Toe_Left
  m_TagString: Untagged
  m_Icon: {fileID: 0}
  m_NavMeshLayer: 0
  m_StaticEditorFlags: 0
  m_IsActive: 1
--- !u!4 &1190115757108373994
Transform:
  m_ObjectHideFlags: 0
  m_CorrespondingSourceObject: {fileID: 0}
  m_PrefabInstance: {fileID: 0}
  m_PrefabAsset: {fileID: 0}
  m_GameObject: {fileID: 1190115757108606346}
  m_LocalRotation: {x: 0.057988793, y: 0.054054454, z: -0.052146517, w: 0.9954879}
  m_LocalPosition: {x: -28.971565, y: 6.217249e-15, z: 0}
  m_LocalScale: {x: 1, y: 1, z: 1}
  m_Children: []
  m_Father: {fileID: 1190115757108373978}
  m_RootOrder: 0
  m_LocalEulerAnglesHint: {x: 0, y: 0, z: 0}
--- !u!1 &1190115757108606348
GameObject:
  m_ObjectHideFlags: 0
  m_CorrespondingSourceObject: {fileID: 0}
  m_PrefabInstance: {fileID: 0}
  m_PrefabAsset: {fileID: 0}
  serializedVersion: 6
  m_Component:
  - component: {fileID: 1190115757108373996}
  m_Layer: 0
  m_Name: Toe_Right
  m_TagString: Untagged
  m_Icon: {fileID: 0}
  m_NavMeshLayer: 0
  m_StaticEditorFlags: 0
  m_IsActive: 1
--- !u!4 &1190115757108373996
Transform:
  m_ObjectHideFlags: 0
  m_CorrespondingSourceObject: {fileID: 0}
  m_PrefabInstance: {fileID: 0}
  m_PrefabAsset: {fileID: 0}
  m_GameObject: {fileID: 1190115757108606348}
  m_LocalRotation: {x: -0.031552598, y: -0.019106349, z: -0.05377092, w: 0.99787176}
  m_LocalPosition: {x: -28.97108, y: 2.220446e-14, z: 0}
  m_LocalScale: {x: 1, y: 1, z: 1}
  m_Children: []
  m_Father: {fileID: 1190115757108373980}
  m_RootOrder: 0
  m_LocalEulerAnglesHint: {x: 0, y: 0, z: 0}
--- !u!1 &1190115757108606350
GameObject:
  m_ObjectHideFlags: 0
  m_CorrespondingSourceObject: {fileID: 0}
  m_PrefabInstance: {fileID: 0}
  m_PrefabAsset: {fileID: 0}
  serializedVersion: 6
  m_Component:
  - component: {fileID: 1190115757108373998}
  m_Layer: 0
  m_Name: UpperArm_Left
  m_TagString: Untagged
  m_Icon: {fileID: 0}
  m_NavMeshLayer: 0
  m_StaticEditorFlags: 0
  m_IsActive: 1
--- !u!4 &1190115757108373998
Transform:
  m_ObjectHideFlags: 0
  m_CorrespondingSourceObject: {fileID: 0}
  m_PrefabInstance: {fileID: 0}
  m_PrefabAsset: {fileID: 0}
  m_GameObject: {fileID: 1190115757108606350}
  m_LocalRotation: {x: 0.08204387, y: -0.043236576, z: 0.8605094, w: 0.50092214}
  m_LocalPosition: {x: 42.504147, y: -103.58871, z: -109.25764}
  m_LocalScale: {x: 1, y: 1, z: 1}
  m_Children:
  - {fileID: 1190115757108373964}
  m_Father: {fileID: 1190115757108373968}
  m_RootOrder: 1
  m_LocalEulerAnglesHint: {x: 0, y: 0, z: 0}
--- !u!1 &1190115757108606352
GameObject:
  m_ObjectHideFlags: 0
  m_CorrespondingSourceObject: {fileID: 0}
  m_PrefabInstance: {fileID: 0}
  m_PrefabAsset: {fileID: 0}
  serializedVersion: 6
  m_Component:
  - component: {fileID: 1190115757108374000}
  m_Layer: 0
  m_Name: LowerLeg_Left
  m_TagString: Untagged
  m_Icon: {fileID: 0}
  m_NavMeshLayer: 0
  m_StaticEditorFlags: 0
  m_IsActive: 1
--- !u!4 &1190115757108374000
Transform:
  m_ObjectHideFlags: 0
  m_CorrespondingSourceObject: {fileID: 0}
  m_PrefabInstance: {fileID: 0}
  m_PrefabAsset: {fileID: 0}
  m_GameObject: {fileID: 1190115757108606352}
  m_LocalRotation: {x: 0.056831364, y: 0.060333982, z: 0.53046715, w: 0.84364367}
  m_LocalPosition: {x: -79.99801, y: 4.2632564e-14, z: -2.842171e-14}
  m_LocalScale: {x: 1, y: 1, z: 1}
  m_Children:
  - {fileID: 1190115757108374010}
  m_Father: {fileID: 1190115757108373906}
  m_RootOrder: 0
  m_LocalEulerAnglesHint: {x: 0, y: 0, z: 0}
--- !u!1 &1190115757108606354
GameObject:
  m_ObjectHideFlags: 0
  m_CorrespondingSourceObject: {fileID: 0}
  m_PrefabInstance: {fileID: 0}
  m_PrefabAsset: {fileID: 0}
  serializedVersion: 6
  m_Component:
  - component: {fileID: 1190115757108374002}
  m_Layer: 0
  m_Name: LowerLeg_Right
  m_TagString: Untagged
  m_Icon: {fileID: 0}
  m_NavMeshLayer: 0
  m_StaticEditorFlags: 0
  m_IsActive: 1
--- !u!4 &1190115757108374002
Transform:
  m_ObjectHideFlags: 0
  m_CorrespondingSourceObject: {fileID: 0}
  m_PrefabInstance: {fileID: 0}
  m_PrefabAsset: {fileID: 0}
  m_GameObject: {fileID: 1190115757108606354}
  m_LocalRotation: {x: -0.056834977, y: -0.060337134, z: 0.5304632, w: 0.8436457}
  m_LocalPosition: {x: -79.998146, y: -1.4210855e-14, z: -2.842171e-14}
  m_LocalScale: {x: 1, y: 1, z: 1}
  m_Children:
  - {fileID: 1190115757108374012}
  m_Father: {fileID: 1190115757108373908}
  m_RootOrder: 0
  m_LocalEulerAnglesHint: {x: 0, y: 0, z: 0}
--- !u!1 &1190115757108606356
GameObject:
  m_ObjectHideFlags: 0
  m_CorrespondingSourceObject: {fileID: 0}
  m_PrefabInstance: {fileID: 0}
  m_PrefabAsset: {fileID: 0}
  serializedVersion: 6
  m_Component:
  - component: {fileID: 1190115757108374004}
  m_Layer: 0
  m_Name: Neck
  m_TagString: Untagged
  m_Icon: {fileID: 0}
  m_NavMeshLayer: 0
  m_StaticEditorFlags: 0
  m_IsActive: 1
--- !u!4 &1190115757108374004
Transform:
  m_ObjectHideFlags: 0
  m_CorrespondingSourceObject: {fileID: 0}
  m_PrefabInstance: {fileID: 0}
  m_PrefabAsset: {fileID: 0}
  m_GameObject: {fileID: 1190115757108606356}
  m_LocalRotation: {x: 6.141646e-17, y: 8.937481e-18, z: -0.31374955, w: 0.9495058}
  m_LocalPosition: {x: -70.58616, y: -5.684342e-14, z: 5.791171e-14}
  m_LocalScale: {x: 1, y: 1, z: 1}
  m_Children:
  - {fileID: 1190115757108373958}
  - {fileID: 1190115757108374006}
  - {fileID: 1190115757108374008}
  m_Father: {fileID: 1190115757108373968}
  m_RootOrder: 0
  m_LocalEulerAnglesHint: {x: 0, y: 0, z: 0}
--- !u!1 &1190115757108606358
GameObject:
  m_ObjectHideFlags: 0
  m_CorrespondingSourceObject: {fileID: 0}
  m_PrefabInstance: {fileID: 0}
  m_PrefabAsset: {fileID: 0}
  serializedVersion: 6
  m_Component:
  - component: {fileID: 1190115757108374006}
  m_Layer: 0
  m_Name: NeckFat_Left
  m_TagString: Untagged
  m_Icon: {fileID: 0}
  m_NavMeshLayer: 0
  m_StaticEditorFlags: 0
  m_IsActive: 1
--- !u!4 &1190115757108374006
Transform:
  m_ObjectHideFlags: 0
  m_CorrespondingSourceObject: {fileID: 0}
  m_PrefabInstance: {fileID: 0}
  m_PrefabAsset: {fileID: 0}
  m_GameObject: {fileID: 1190115757108606358}
  m_LocalRotation: {x: 0.16365401, y: -0.1300048, z: 0.76571435, w: 0.60827434}
  m_LocalPosition: {x: 30.930386, y: -124.621895, z: -59.21948}
  m_LocalScale: {x: 1, y: 1, z: 1}
  m_Children: []
  m_Father: {fileID: 1190115757108374004}
  m_RootOrder: 1
  m_LocalEulerAnglesHint: {x: 0, y: 0, z: 0}
--- !u!1 &1190115757108606360
GameObject:
  m_ObjectHideFlags: 0
  m_CorrespondingSourceObject: {fileID: 0}
  m_PrefabInstance: {fileID: 0}
  m_PrefabAsset: {fileID: 0}
  serializedVersion: 6
  m_Component:
  - component: {fileID: 1190115757108374008}
  m_Layer: 0
  m_Name: NeckFat_Right
  m_TagString: Untagged
  m_Icon: {fileID: 0}
  m_NavMeshLayer: 0
  m_StaticEditorFlags: 0
  m_IsActive: 1
--- !u!4 &1190115757108374008
Transform:
  m_ObjectHideFlags: 0
  m_CorrespondingSourceObject: {fileID: 0}
  m_PrefabInstance: {fileID: 0}
  m_PrefabAsset: {fileID: 0}
  m_GameObject: {fileID: 1190115757108606360}
  m_LocalRotation: {x: -0.15635651, y: 0.124198295, z: 0.76726127, w: 0.60945684}
  m_LocalPosition: {x: 30.930405, y: -124.621796, z: 59.2195}
  m_LocalScale: {x: 1, y: 1, z: 1}
  m_Children: []
  m_Father: {fileID: 1190115757108374004}
  m_RootOrder: 2
  m_LocalEulerAnglesHint: {x: 0, y: 0, z: 0}
--- !u!1 &1190115757108606362
GameObject:
  m_ObjectHideFlags: 0
  m_CorrespondingSourceObject: {fileID: 0}
  m_PrefabInstance: {fileID: 0}
  m_PrefabAsset: {fileID: 0}
  serializedVersion: 6
  m_Component:
  - component: {fileID: 1190115757108374010}
  m_Layer: 0
  m_Name: ReverseLeg_Left
  m_TagString: Untagged
  m_Icon: {fileID: 0}
  m_NavMeshLayer: 0
  m_StaticEditorFlags: 0
  m_IsActive: 1
--- !u!4 &1190115757108374010
Transform:
  m_ObjectHideFlags: 0
  m_CorrespondingSourceObject: {fileID: 0}
  m_PrefabInstance: {fileID: 0}
  m_PrefabAsset: {fileID: 0}
  m_GameObject: {fileID: 1190115757108606362}
  m_LocalRotation: {x: -0.022655206, y: -0.07334633, z: -0.85861534, w: 0.50684}
  m_LocalPosition: {x: -58.832855, y: 7.1054274e-14, z: -4.2632564e-14}
  m_LocalScale: {x: 1, y: 1, z: 1}
  m_Children:
  - {fileID: 1190115757108373978}
  m_Father: {fileID: 1190115757108374000}
  m_RootOrder: 0
  m_LocalEulerAnglesHint: {x: 0, y: 0, z: 0}
--- !u!1 &1190115757108606364
GameObject:
  m_ObjectHideFlags: 0
  m_CorrespondingSourceObject: {fileID: 0}
  m_PrefabInstance: {fileID: 0}
  m_PrefabAsset: {fileID: 0}
  serializedVersion: 6
  m_Component:
  - component: {fileID: 1190115757108374012}
  m_Layer: 0
  m_Name: ReverseLeg_Right
  m_TagString: Untagged
  m_Icon: {fileID: 0}
  m_NavMeshLayer: 0
  m_StaticEditorFlags: 0
  m_IsActive: 1
--- !u!4 &1190115757108374012
Transform:
  m_ObjectHideFlags: 0
  m_CorrespondingSourceObject: {fileID: 0}
  m_PrefabInstance: {fileID: 0}
  m_PrefabAsset: {fileID: 0}
  m_GameObject: {fileID: 1190115757108606364}
  m_LocalRotation: {x: 0.022659637, y: 0.073359005, z: -0.85861546, w: 0.5068377}
  m_LocalPosition: {x: -58.832783, y: -4.2632564e-14, z: -2.842171e-14}
  m_LocalScale: {x: 1, y: 1, z: 1}
  m_Children:
  - {fileID: 1190115757108373980}
  m_Father: {fileID: 1190115757108374002}
  m_RootOrder: 0
  m_LocalEulerAnglesHint: {x: 0, y: 0, z: 0}
--- !u!1 &1190115757108606366
GameObject:
  m_ObjectHideFlags: 0
  m_CorrespondingSourceObject: {fileID: 0}
  m_PrefabInstance: {fileID: 0}
  m_PrefabAsset: {fileID: 0}
  serializedVersion: 6
  m_Component:
  - component: {fileID: 1190115757108374014}
  m_Layer: 0
  m_Name: Root_Pelvis
  m_TagString: Untagged
  m_Icon: {fileID: 0}
  m_NavMeshLayer: 0
  m_StaticEditorFlags: 0
  m_IsActive: 1
--- !u!4 &1190115757108374014
Transform:
  m_ObjectHideFlags: 0
  m_CorrespondingSourceObject: {fileID: 0}
  m_PrefabInstance: {fileID: 0}
  m_PrefabAsset: {fileID: 0}
  m_GameObject: {fileID: 1190115757108606366}
  m_LocalRotation: {x: 0.030924408, y: 0.70643026, z: 0.030924408, w: 0.70643026}
  m_LocalPosition: {x: -0, y: 2.3169668, z: -1.344518}
  m_LocalScale: {x: 0.01, y: 0.01, z: 0.01}
  m_Children:
  - {fileID: 1190115757108373984}
  - {fileID: 1190115757108373986}
  - {fileID: 1190115757108373906}
  - {fileID: 1190115757108373908}
  m_Father: {fileID: 1190115757108373972}
  m_RootOrder: 1
  m_LocalEulerAnglesHint: {x: 0, y: 0, z: 0}
--- !u!1 &1190115757108606368
GameObject:
  m_ObjectHideFlags: 0
  m_CorrespondingSourceObject: {fileID: 0}
  m_PrefabInstance: {fileID: 0}
  m_PrefabAsset: {fileID: 0}
  serializedVersion: 6
  m_Component:
  - component: {fileID: 1190115757108373888}
  m_Layer: 0
  m_Name: Wing02_Right
  m_TagString: Untagged
  m_Icon: {fileID: 0}
  m_NavMeshLayer: 0
  m_StaticEditorFlags: 0
  m_IsActive: 1
--- !u!4 &1190115757108373888
Transform:
  m_ObjectHideFlags: 0
  m_CorrespondingSourceObject: {fileID: 0}
  m_PrefabInstance: {fileID: 0}
  m_PrefabAsset: {fileID: 0}
  m_GameObject: {fileID: 1190115757108606368}
  m_LocalRotation: {x: -0.06264916, y: -0.4992413, z: 0.065864116, w: 0.86168164}
  m_LocalPosition: {x: -67.82297, y: -4.2632564e-14, z: 2.842171e-14}
  m_LocalScale: {x: 1, y: 1, z: 1}
  m_Children:
  - {fileID: 1190115757108373892}
  m_Father: {fileID: 1190115757108373916}
  m_RootOrder: 0
  m_LocalEulerAnglesHint: {x: 0, y: 0, z: 0}
--- !u!1 &1190115757108606370
GameObject:
  m_ObjectHideFlags: 0
  m_CorrespondingSourceObject: {fileID: 0}
  m_PrefabInstance: {fileID: 0}
  m_PrefabAsset: {fileID: 0}
  serializedVersion: 6
  m_Component:
  - component: {fileID: 1190115757108373890}
  m_Layer: 0
  m_Name: Wing03_Left
  m_TagString: Untagged
  m_Icon: {fileID: 0}
  m_NavMeshLayer: 0
  m_StaticEditorFlags: 0
  m_IsActive: 1
--- !u!4 &1190115757108373890
Transform:
  m_ObjectHideFlags: 0
  m_CorrespondingSourceObject: {fileID: 0}
  m_PrefabInstance: {fileID: 0}
  m_PrefabAsset: {fileID: 0}
  m_GameObject: {fileID: 1190115757108606370}
  m_LocalRotation: {x: -0.16053706, y: 0.7118957, z: 0.24488758, w: 0.63832784}
  m_LocalPosition: {x: -63.67176, y: 1.4210855e-14, z: -2.1316282e-14}
  m_LocalScale: {x: 1, y: 1, z: 1}
  m_Children:
  - {fileID: 1190115757108373894}
  m_Father: {fileID: 1190115757108373918}
  m_RootOrder: 0
  m_LocalEulerAnglesHint: {x: 0, y: 0, z: 0}
--- !u!1 &1190115757108606372
GameObject:
  m_ObjectHideFlags: 0
  m_CorrespondingSourceObject: {fileID: 0}
  m_PrefabInstance: {fileID: 0}
  m_PrefabAsset: {fileID: 0}
  serializedVersion: 6
  m_Component:
  - component: {fileID: 1190115757108373892}
  m_Layer: 0
  m_Name: Wing03_Right
  m_TagString: Untagged
  m_Icon: {fileID: 0}
  m_NavMeshLayer: 0
  m_StaticEditorFlags: 0
  m_IsActive: 1
--- !u!4 &1190115757108373892
Transform:
  m_ObjectHideFlags: 0
  m_CorrespondingSourceObject: {fileID: 0}
  m_PrefabInstance: {fileID: 0}
  m_PrefabAsset: {fileID: 0}
  m_GameObject: {fileID: 1190115757108606372}
  m_LocalRotation: {x: 0.16054069, y: -0.71190244, z: 0.24489035, w: 0.63831836}
  m_LocalPosition: {x: -63.671337, y: 5.684342e-14, z: 7.1054274e-15}
  m_LocalScale: {x: 1, y: 1, z: 1}
  m_Children:
  - {fileID: 1190115757108373896}
  m_Father: {fileID: 1190115757108373888}
  m_RootOrder: 0
  m_LocalEulerAnglesHint: {x: 0, y: 0, z: 0}
--- !u!1 &1190115757108606374
GameObject:
  m_ObjectHideFlags: 0
  m_CorrespondingSourceObject: {fileID: 0}
  m_PrefabInstance: {fileID: 0}
  m_PrefabAsset: {fileID: 0}
  serializedVersion: 6
  m_Component:
  - component: {fileID: 1190115757108373894}
  m_Layer: 0
  m_Name: WingHand_Left
  m_TagString: Untagged
  m_Icon: {fileID: 0}
  m_NavMeshLayer: 0
  m_StaticEditorFlags: 0
  m_IsActive: 1
--- !u!4 &1190115757108373894
Transform:
  m_ObjectHideFlags: 0
  m_CorrespondingSourceObject: {fileID: 0}
  m_PrefabInstance: {fileID: 0}
  m_PrefabAsset: {fileID: 0}
  m_GameObject: {fileID: 1190115757108606374}
  m_LocalRotation: {x: 0.086856626, y: 0.87341917, z: -0.012088922, w: -0.47900814}
  m_LocalPosition: {x: -128.98157, y: -1.1368684e-13, z: 5.684342e-14}
  m_LocalScale: {x: 1, y: 1, z: 1}
  m_Children:
  - {fileID: 1190115757108373898}
  - {fileID: 1190115757108373942}
  - {fileID: 1190115757108373922}
  m_Father: {fileID: 1190115757108373890}
  m_RootOrder: 0
  m_LocalEulerAnglesHint: {x: 0, y: 0, z: 0}
--- !u!1 &1190115757108606376
GameObject:
  m_ObjectHideFlags: 0
  m_CorrespondingSourceObject: {fileID: 0}
  m_PrefabInstance: {fileID: 0}
  m_PrefabAsset: {fileID: 0}
  serializedVersion: 6
  m_Component:
  - component: {fileID: 1190115757108373896}
  m_Layer: 0
  m_Name: WingHand_Right
  m_TagString: Untagged
  m_Icon: {fileID: 0}
  m_NavMeshLayer: 0
  m_StaticEditorFlags: 0
  m_IsActive: 1
--- !u!4 &1190115757108373896
Transform:
  m_ObjectHideFlags: 0
  m_CorrespondingSourceObject: {fileID: 0}
  m_PrefabInstance: {fileID: 0}
  m_PrefabAsset: {fileID: 0}
  m_GameObject: {fileID: 1190115757108606376}
  m_LocalRotation: {x: 0.0980656, y: 0.8579787, z: -0.19191287, w: 0.46628872}
  m_LocalPosition: {x: -128.98221, y: -5.684342e-14, z: 8.526513e-14}
  m_LocalScale: {x: 1, y: 1, z: 1}
  m_Children:
  - {fileID: 1190115757108373900}
  - {fileID: 1190115757108373944}
  - {fileID: 1190115757108373924}
  m_Father: {fileID: 1190115757108373892}
  m_RootOrder: 0
  m_LocalEulerAnglesHint: {x: 0, y: 0, z: 0}
--- !u!1 &1190115757108606378
GameObject:
  m_ObjectHideFlags: 0
  m_CorrespondingSourceObject: {fileID: 0}
  m_PrefabInstance: {fileID: 0}
  m_PrefabAsset: {fileID: 0}
  serializedVersion: 6
  m_Component:
  - component: {fileID: 1190115757108373898}
  m_Layer: 0
  m_Name: WingIndex01_Left
  m_TagString: Untagged
  m_Icon: {fileID: 0}
  m_NavMeshLayer: 0
  m_StaticEditorFlags: 0
  m_IsActive: 1
--- !u!4 &1190115757108373898
Transform:
  m_ObjectHideFlags: 0
  m_CorrespondingSourceObject: {fileID: 0}
  m_PrefabInstance: {fileID: 0}
  m_PrefabAsset: {fileID: 0}
  m_GameObject: {fileID: 1190115757108606378}
  m_LocalRotation: {x: -0.09268279, y: -0.20030534, z: -0.040553864, w: 0.9744963}
  m_LocalPosition: {x: -112.76463, y: -9.404898, z: -30.335297}
  m_LocalScale: {x: 1, y: 1, z: 1}
  m_Children:
  - {fileID: 1190115757108373902}
  m_Father: {fileID: 1190115757108373894}
  m_RootOrder: 0
  m_LocalEulerAnglesHint: {x: 0, y: 0, z: 0}
--- !u!1 &1190115757108606380
GameObject:
  m_ObjectHideFlags: 0
  m_CorrespondingSourceObject: {fileID: 0}
  m_PrefabInstance: {fileID: 0}
  m_PrefabAsset: {fileID: 0}
  serializedVersion: 6
  m_Component:
  - component: {fileID: 1190115757108373900}
  m_Layer: 0
  m_Name: WingIndex01_Right
  m_TagString: Untagged
  m_Icon: {fileID: 0}
  m_NavMeshLayer: 0
  m_StaticEditorFlags: 0
  m_IsActive: 1
--- !u!4 &1190115757108373900
Transform:
  m_ObjectHideFlags: 0
  m_CorrespondingSourceObject: {fileID: 0}
  m_PrefabInstance: {fileID: 0}
  m_PrefabAsset: {fileID: 0}
  m_GameObject: {fileID: 1190115757108606380}
  m_LocalRotation: {x: 0.26532203, y: 0.39964226, z: -0.09469073, w: 0.87230957}
  m_LocalPosition: {x: -113.9381, y: -3.2403028, z: 47.06019}
  m_LocalScale: {x: 1, y: 1, z: 1}
  m_Children:
  - {fileID: 1190115757108373936}
  m_Father: {fileID: 1190115757108373896}
  m_RootOrder: 0
  m_LocalEulerAnglesHint: {x: 0, y: 0, z: 0}
--- !u!1 &1190115757108606382
GameObject:
  m_ObjectHideFlags: 0
  m_CorrespondingSourceObject: {fileID: 0}
  m_PrefabInstance: {fileID: 0}
  m_PrefabAsset: {fileID: 0}
  serializedVersion: 6
  m_Component:
  - component: {fileID: 1190115757108373902}
  m_Layer: 0
  m_Name: WingIndex02_Left
  m_TagString: Untagged
  m_Icon: {fileID: 0}
  m_NavMeshLayer: 0
  m_StaticEditorFlags: 0
  m_IsActive: 1
--- !u!4 &1190115757108373902
Transform:
  m_ObjectHideFlags: 0
  m_CorrespondingSourceObject: {fileID: 0}
  m_PrefabInstance: {fileID: 0}
  m_PrefabAsset: {fileID: 0}
  m_GameObject: {fileID: 1190115757108606382}
  m_LocalRotation: {x: 0.13457295, y: -0.34367886, z: 0.05962906, w: 0.9274801}
  m_LocalPosition: {x: -86.91304, y: 23.679913, z: -36.789227}
  m_LocalScale: {x: 1, y: 1, z: 1}
  m_Children:
  - {fileID: 1190115757108373938}
  m_Father: {fileID: 1190115757108373898}
  m_RootOrder: 0
  m_LocalEulerAnglesHint: {x: 0, y: 0, z: 0}
--- !u!1 &1190115757108606384
GameObject:
  m_ObjectHideFlags: 0
  m_CorrespondingSourceObject: {fileID: 0}
  m_PrefabInstance: {fileID: 0}
  m_PrefabAsset: {fileID: 0}
  serializedVersion: 6
  m_Component:
  - component: {fileID: 1190115757108373904}
  m_Layer: 0
  m_Name: UpperArm_Right
  m_TagString: Untagged
  m_Icon: {fileID: 0}
  m_NavMeshLayer: 0
  m_StaticEditorFlags: 0
  m_IsActive: 1
--- !u!4 &1190115757108373904
Transform:
  m_ObjectHideFlags: 0
  m_CorrespondingSourceObject: {fileID: 0}
  m_PrefabInstance: {fileID: 0}
  m_PrefabAsset: {fileID: 0}
  m_GameObject: {fileID: 1190115757108606384}
  m_LocalRotation: {x: -0.08204455, y: 0.043233946, z: 0.8605096, w: 0.5009219}
  m_LocalPosition: {x: 42.504204, y: -103.58888, z: 109.258}
  m_LocalScale: {x: 1, y: 1, z: 1}
  m_Children:
  - {fileID: 1190115757108373966}
  m_Father: {fileID: 1190115757108373968}
  m_RootOrder: 2
  m_LocalEulerAnglesHint: {x: 0, y: 0, z: 0}
--- !u!1 &1190115757108606386
GameObject:
  m_ObjectHideFlags: 0
  m_CorrespondingSourceObject: {fileID: 0}
  m_PrefabInstance: {fileID: 0}
  m_PrefabAsset: {fileID: 0}
  serializedVersion: 6
  m_Component:
  - component: {fileID: 1190115757108373906}
  m_Layer: 0
  m_Name: UpperLeg_Left
  m_TagString: Untagged
  m_Icon: {fileID: 0}
  m_NavMeshLayer: 0
  m_StaticEditorFlags: 0
  m_IsActive: 1
--- !u!4 &1190115757108373906
Transform:
  m_ObjectHideFlags: 0
  m_CorrespondingSourceObject: {fileID: 0}
  m_PrefabInstance: {fileID: 0}
  m_PrefabAsset: {fileID: 0}
  m_GameObject: {fileID: 1190115757108606386}
  m_LocalRotation: {x: 0.050614573, y: -0.03552697, z: 0.77297413, w: 0.6314167}
  m_LocalPosition: {x: -46.670673, y: -78.78503, z: -120.68093}
  m_LocalScale: {x: 1, y: 1, z: 1}
  m_Children:
  - {fileID: 1190115757108374000}
  m_Father: {fileID: 1190115757108374014}
  m_RootOrder: 2
  m_LocalEulerAnglesHint: {x: 0, y: 0, z: 0}
--- !u!1 &1190115757108606388
GameObject:
  m_ObjectHideFlags: 0
  m_CorrespondingSourceObject: {fileID: 0}
  m_PrefabInstance: {fileID: 0}
  m_PrefabAsset: {fileID: 0}
  serializedVersion: 6
  m_Component:
  - component: {fileID: 1190115757108373908}
  m_Layer: 0
  m_Name: UpperLeg_Right
  m_TagString: Untagged
  m_Icon: {fileID: 0}
  m_NavMeshLayer: 0
  m_StaticEditorFlags: 0
  m_IsActive: 1
--- !u!4 &1190115757108373908
Transform:
  m_ObjectHideFlags: 0
  m_CorrespondingSourceObject: {fileID: 0}
  m_PrefabInstance: {fileID: 0}
  m_PrefabAsset: {fileID: 0}
  m_GameObject: {fileID: 1190115757108606388}
  m_LocalRotation: {x: -0.05061606, y: 0.03552166, z: 0.7729762, w: 0.6314143}
  m_LocalPosition: {x: -46.670647, y: -78.78491, z: 120.681}
  m_LocalScale: {x: 1, y: 1, z: 1}
  m_Children:
  - {fileID: 1190115757108374002}
  m_Father: {fileID: 1190115757108374014}
  m_RootOrder: 3
  m_LocalEulerAnglesHint: {x: 0, y: 0, z: 0}
--- !u!1 &1190115757108606390
GameObject:
  m_ObjectHideFlags: 0
  m_CorrespondingSourceObject: {fileID: 0}
  m_PrefabInstance: {fileID: 0}
  m_PrefabAsset: {fileID: 0}
  serializedVersion: 6
  m_Component:
  - component: {fileID: 1190115757108373910}
  m_Layer: 0
  m_Name: UpperMouth
  m_TagString: Untagged
  m_Icon: {fileID: 0}
  m_NavMeshLayer: 0
  m_StaticEditorFlags: 0
  m_IsActive: 1
--- !u!4 &1190115757108373910
Transform:
  m_ObjectHideFlags: 0
  m_CorrespondingSourceObject: {fileID: 0}
  m_PrefabInstance: {fileID: 0}
  m_PrefabAsset: {fileID: 0}
  m_GameObject: {fileID: 1190115757108606390}
  m_LocalRotation: {x: 0.04090422, y: -0.7059227, z: 0.04090422, w: 0.7059227}
  m_LocalPosition: {x: -95.67406, y: -6.0931573, z: 1.1892576e-13}
  m_LocalScale: {x: 1, y: 1, z: 1}
  m_Children: []
  m_Father: {fileID: 1190115757108373958}
  m_RootOrder: 3
  m_LocalEulerAnglesHint: {x: 0, y: 0, z: 0}
--- !u!1 &1190115757108606392
GameObject:
  m_ObjectHideFlags: 0
  m_CorrespondingSourceObject: {fileID: 0}
  m_PrefabInstance: {fileID: 0}
  m_PrefabAsset: {fileID: 0}
  serializedVersion: 6
  m_Component:
  - component: {fileID: 1190115757108373912}
  m_Layer: 0
  m_Name: ValleyFat
  m_TagString: Untagged
  m_Icon: {fileID: 0}
  m_NavMeshLayer: 0
  m_StaticEditorFlags: 0
  m_IsActive: 1
--- !u!4 &1190115757108373912
Transform:
  m_ObjectHideFlags: 0
  m_CorrespondingSourceObject: {fileID: 0}
  m_PrefabInstance: {fileID: 0}
  m_PrefabAsset: {fileID: 0}
  m_GameObject: {fileID: 1190115757108606392}
  m_LocalRotation: {x: 0, y: 0, z: 0.8466028, w: 0.53222525}
  m_LocalPosition: {x: 63.99645, y: -125.222755, z: 3.9503736e-14}
  m_LocalScale: {x: 1, y: 1, z: 1}
  m_Children: []
  m_Father: {fileID: 1190115757108373984}
  m_RootOrder: 1
  m_LocalEulerAnglesHint: {x: 0, y: 0, z: 0}
--- !u!1 &1190115757108606394
GameObject:
  m_ObjectHideFlags: 0
  m_CorrespondingSourceObject: {fileID: 0}
  m_PrefabInstance: {fileID: 0}
  m_PrefabAsset: {fileID: 0}
  serializedVersion: 6
  m_Component:
  - component: {fileID: 1190115757108373914}
  m_Layer: 0
  m_Name: Wing01_Left
  m_TagString: Untagged
  m_Icon: {fileID: 0}
  m_NavMeshLayer: 0
  m_StaticEditorFlags: 0
  m_IsActive: 1
--- !u!4 &1190115757108373914
Transform:
  m_ObjectHideFlags: 0
  m_CorrespondingSourceObject: {fileID: 0}
  m_PrefabInstance: {fileID: 0}
  m_PrefabAsset: {fileID: 0}
  m_GameObject: {fileID: 1190115757108606394}
  m_LocalRotation: {x: -0.29551876, y: 0.95178914, z: -0.06096275, w: -0.055224426}
  m_LocalPosition: {x: -109.476555, y: 76.79703, z: -86.85792}
  m_LocalScale: {x: 1, y: 1, z: 1}
  m_Children:
  - {fileID: 1190115757108373918}
  m_Father: {fileID: 1190115757108373984}
  m_RootOrder: 2
  m_LocalEulerAnglesHint: {x: 0, y: 0, z: 0}
--- !u!1 &1190115757108606396
GameObject:
  m_ObjectHideFlags: 0
  m_CorrespondingSourceObject: {fileID: 0}
  m_PrefabInstance: {fileID: 0}
  m_PrefabAsset: {fileID: 0}
  serializedVersion: 6
  m_Component:
  - component: {fileID: 1190115757108373916}
  m_Layer: 0
  m_Name: Wing01_Right
  m_TagString: Untagged
  m_Icon: {fileID: 0}
  m_NavMeshLayer: 0
  m_StaticEditorFlags: 0
  m_IsActive: 1
--- !u!4 &1190115757108373916
Transform:
  m_ObjectHideFlags: 0
  m_CorrespondingSourceObject: {fileID: 0}
  m_PrefabInstance: {fileID: 0}
  m_PrefabAsset: {fileID: 0}
  m_GameObject: {fileID: 1190115757108606396}
  m_LocalRotation: {x: -0.29538205, y: 0.95181024, z: 0.0611867, w: 0.055344142}
  m_LocalPosition: {x: -109.47647, y: 76.79689, z: 86.8579}
  m_LocalScale: {x: 1, y: 1, z: 1}
  m_Children:
  - {fileID: 1190115757108373888}
  m_Father: {fileID: 1190115757108373984}
  m_RootOrder: 3
  m_LocalEulerAnglesHint: {x: 0, y: 0, z: 0}
--- !u!1 &1190115757108606398
GameObject:
  m_ObjectHideFlags: 0
  m_CorrespondingSourceObject: {fileID: 0}
  m_PrefabInstance: {fileID: 0}
  m_PrefabAsset: {fileID: 0}
  serializedVersion: 6
  m_Component:
  - component: {fileID: 1190115757108373918}
  m_Layer: 0
  m_Name: Wing02_Left
  m_TagString: Untagged
  m_Icon: {fileID: 0}
  m_NavMeshLayer: 0
  m_StaticEditorFlags: 0
  m_IsActive: 1
--- !u!4 &1190115757108373918
Transform:
  m_ObjectHideFlags: 0
  m_CorrespondingSourceObject: {fileID: 0}
  m_PrefabInstance: {fileID: 0}
  m_PrefabAsset: {fileID: 0}
  m_GameObject: {fileID: 1190115757108606398}
  m_LocalRotation: {x: 0.06265037, y: 0.49923262, z: 0.06586531, w: 0.86168647}
  m_LocalPosition: {x: -67.82307, y: -1.4210855e-14, z: -2.842171e-14}
  m_LocalScale: {x: 1, y: 1, z: 1}
  m_Children:
  - {fileID: 1190115757108373890}
  m_Father: {fileID: 1190115757108373914}
  m_RootOrder: 0
  m_LocalEulerAnglesHint: {x: 0, y: 0, z: 0}
--- !u!1 &1190115757108606432
GameObject:
  m_ObjectHideFlags: 0
  m_CorrespondingSourceObject: {fileID: 0}
  m_PrefabInstance: {fileID: 0}
  m_PrefabAsset: {fileID: 0}
  serializedVersion: 6
  m_Component:
  - component: {fileID: 1190115757108373952}
  m_Layer: 0
  m_Name: Hand_Right
  m_TagString: Untagged
  m_Icon: {fileID: 0}
  m_NavMeshLayer: 0
  m_StaticEditorFlags: 0
  m_IsActive: 1
--- !u!4 &1190115757108373952
Transform:
  m_ObjectHideFlags: 0
  m_CorrespondingSourceObject: {fileID: 0}
  m_PrefabInstance: {fileID: 0}
  m_PrefabAsset: {fileID: 0}
  m_GameObject: {fileID: 1190115757108606432}
  m_LocalRotation: {x: 0.043099295, y: 0.008311409, z: -0.24468532, w: 0.96860856}
  m_LocalPosition: {x: -55.17705, y: 7.1054274e-14, z: 0}
  m_LocalScale: {x: 1, y: 1, z: 1}
  m_Children:
  - {fileID: 1190115757108373956}
  m_Father: {fileID: 1190115757108373966}
  m_RootOrder: 0
  m_LocalEulerAnglesHint: {x: 0, y: 0, z: 0}
--- !u!1 &1190115757108606434
GameObject:
  m_ObjectHideFlags: 0
  m_CorrespondingSourceObject: {fileID: 0}
  m_PrefabInstance: {fileID: 0}
  m_PrefabAsset: {fileID: 0}
  serializedVersion: 6
  m_Component:
  - component: {fileID: 1190115757108373954}
  m_Layer: 0
  m_Name: HandTip_Left
  m_TagString: Untagged
  m_Icon: {fileID: 0}
  m_NavMeshLayer: 0
  m_StaticEditorFlags: 0
  m_IsActive: 1
--- !u!4 &1190115757108373954
Transform:
  m_ObjectHideFlags: 0
  m_CorrespondingSourceObject: {fileID: 0}
  m_PrefabInstance: {fileID: 0}
  m_PrefabAsset: {fileID: 0}
  m_GameObject: {fileID: 1190115757108606434}
  m_LocalRotation: {x: 0.032718975, y: 0.0056746174, z: -0.07325593, w: 0.9967602}
  m_LocalPosition: {x: -30.65149, y: 2.1316282e-14, z: 0}
  m_LocalScale: {x: 1, y: 1, z: 1}
  m_Children: []
  m_Father: {fileID: 1190115757108373982}
  m_RootOrder: 0
  m_LocalEulerAnglesHint: {x: 0, y: 0, z: 0}
--- !u!1 &1190115757108606436
GameObject:
  m_ObjectHideFlags: 0
  m_CorrespondingSourceObject: {fileID: 0}
  m_PrefabInstance: {fileID: 0}
  m_PrefabAsset: {fileID: 0}
  serializedVersion: 6
  m_Component:
  - component: {fileID: 1190115757108373956}
  m_Layer: 0
  m_Name: HandTip_Right
  m_TagString: Untagged
  m_Icon: {fileID: 0}
  m_NavMeshLayer: 0
  m_StaticEditorFlags: 0
  m_IsActive: 1
--- !u!4 &1190115757108373956
Transform:
  m_ObjectHideFlags: 0
  m_CorrespondingSourceObject: {fileID: 0}
  m_PrefabInstance: {fileID: 0}
  m_PrefabAsset: {fileID: 0}
  m_GameObject: {fileID: 1190115757108606436}
  m_LocalRotation: {x: -0.024032334, y: -0.03270418, z: -0.06877073, w: 0.9968067}
  m_LocalPosition: {x: -30.650867, y: -4.2632564e-14, z: -1.4210855e-14}
  m_LocalScale: {x: 1, y: 1, z: 1}
  m_Children: []
  m_Father: {fileID: 1190115757108373952}
  m_RootOrder: 0
  m_LocalEulerAnglesHint: {x: 0, y: 0, z: 0}
--- !u!1 &1190115757108606438
GameObject:
  m_ObjectHideFlags: 0
  m_CorrespondingSourceObject: {fileID: 0}
  m_PrefabInstance: {fileID: 0}
  m_PrefabAsset: {fileID: 0}
  serializedVersion: 6
  m_Component:
  - component: {fileID: 1190115757108373958}
  m_Layer: 0
  m_Name: Head
  m_TagString: Untagged
  m_Icon: {fileID: 0}
  m_NavMeshLayer: 0
  m_StaticEditorFlags: 0
  m_IsActive: 1
--- !u!4 &1190115757108373958
Transform:
  m_ObjectHideFlags: 0
  m_CorrespondingSourceObject: {fileID: 0}
  m_PrefabInstance: {fileID: 0}
  m_PrefabAsset: {fileID: 0}
  m_GameObject: {fileID: 1190115757108606438}
  m_LocalRotation: {x: -3.815993e-17, y: 1.701687e-16, z: 0.44543183, w: 0.8953159}
  m_LocalPosition: {x: -86.90502, y: -7.1054274e-15, z: 9.106457e-14}
  m_LocalScale: {x: 1, y: 1, z: 1}
  m_Children:
  - {fileID: 1190115757108373974}
  - {fileID: 1190115757108373976}
  - {fileID: 1190115757108373960}
  - {fileID: 1190115757108373910}
  m_Father: {fileID: 1190115757108374004}
  m_RootOrder: 0
  m_LocalEulerAnglesHint: {x: 0, y: 0, z: 0}
--- !u!1 &1190115757108606440
GameObject:
  m_ObjectHideFlags: 0
  m_CorrespondingSourceObject: {fileID: 0}
  m_PrefabInstance: {fileID: 0}
  m_PrefabAsset: {fileID: 0}
  serializedVersion: 6
  m_Component:
  - component: {fileID: 1190115757108373960}
  m_Layer: 0
  m_Name: Jaw
  m_TagString: Untagged
  m_Icon: {fileID: 0}
  m_NavMeshLayer: 0
  m_StaticEditorFlags: 0
  m_IsActive: 1
--- !u!4 &1190115757108373960
Transform:
  m_ObjectHideFlags: 0
  m_CorrespondingSourceObject: {fileID: 0}
  m_PrefabInstance: {fileID: 0}
  m_PrefabAsset: {fileID: 0}
  m_GameObject: {fileID: 1190115757108606440}
  m_LocalRotation: {x: 0, y: 0, z: 0.23447315, w: 0.9721226}
  m_LocalPosition: {x: -41.192364, y: -23.123783, z: 1.4613014e-13}
  m_LocalScale: {x: 1, y: 1, z: 1}
  m_Children:
  - {fileID: 1190115757108373962}
  m_Father: {fileID: 1190115757108373958}
  m_RootOrder: 2
  m_LocalEulerAnglesHint: {x: 0, y: 0, z: 0}
--- !u!1 &1190115757108606442
GameObject:
  m_ObjectHideFlags: 0
  m_CorrespondingSourceObject: {fileID: 0}
  m_PrefabInstance: {fileID: 0}
  m_PrefabAsset: {fileID: 0}
  serializedVersion: 6
  m_Component:
  - component: {fileID: 1190115757108373962}
  m_Layer: 0
  m_Name: JawTip
  m_TagString: Untagged
  m_Icon: {fileID: 0}
  m_NavMeshLayer: 0
  m_StaticEditorFlags: 0
  m_IsActive: 1
--- !u!4 &1190115757108373962
Transform:
  m_ObjectHideFlags: 0
  m_CorrespondingSourceObject: {fileID: 0}
  m_PrefabInstance: {fileID: 0}
  m_PrefabAsset: {fileID: 0}
  m_GameObject: {fileID: 1190115757108606442}
  m_LocalRotation: {x: -0.15812865, y: -0.68919903, z: -0.15812865, w: 0.68919903}
  m_LocalPosition: {x: -57.773373, y: 35.09967, z: 2.2860554e-14}
  m_LocalScale: {x: 1, y: 1, z: 1}
  m_Children: []
  m_Father: {fileID: 1190115757108373960}
  m_RootOrder: 0
  m_LocalEulerAnglesHint: {x: 0, y: 0, z: 0}
--- !u!1 &1190115757108606444
GameObject:
  m_ObjectHideFlags: 0
  m_CorrespondingSourceObject: {fileID: 0}
  m_PrefabInstance: {fileID: 0}
  m_PrefabAsset: {fileID: 0}
  serializedVersion: 6
  m_Component:
  - component: {fileID: 1190115757108373964}
  m_Layer: 0
  m_Name: LowerArm_Left
  m_TagString: Untagged
  m_Icon: {fileID: 0}
  m_NavMeshLayer: 0
  m_StaticEditorFlags: 0
  m_IsActive: 1
--- !u!4 &1190115757108373964
Transform:
  m_ObjectHideFlags: 0
  m_CorrespondingSourceObject: {fileID: 0}
  m_PrefabInstance: {fileID: 0}
  m_PrefabAsset: {fileID: 0}
  m_GameObject: {fileID: 1190115757108606444}
  m_LocalRotation: {x: 0.003025193, y: -0.017709995, z: -0.4979495, w: 0.86701995}
  m_LocalPosition: {x: -100.854774, y: 1.4210855e-14, z: 0}
  m_LocalScale: {x: 1, y: 1, z: 1}
  m_Children:
  - {fileID: 1190115757108373982}
  m_Father: {fileID: 1190115757108373998}
  m_RootOrder: 0
  m_LocalEulerAnglesHint: {x: 0, y: 0, z: 0}
--- !u!1 &1190115757108606446
GameObject:
  m_ObjectHideFlags: 0
  m_CorrespondingSourceObject: {fileID: 0}
  m_PrefabInstance: {fileID: 0}
  m_PrefabAsset: {fileID: 0}
  serializedVersion: 6
  m_Component:
  - component: {fileID: 1190115757108373966}
  m_Layer: 0
  m_Name: LowerArm_Right
  m_TagString: Untagged
  m_Icon: {fileID: 0}
  m_NavMeshLayer: 0
  m_StaticEditorFlags: 0
  m_IsActive: 1
--- !u!4 &1190115757108373966
Transform:
  m_ObjectHideFlags: 0
  m_CorrespondingSourceObject: {fileID: 0}
  m_PrefabInstance: {fileID: 0}
  m_PrefabAsset: {fileID: 0}
  m_GameObject: {fileID: 1190115757108606446}
  m_LocalRotation: {x: -0.003026022, y: 0.017714739, z: -0.49794978, w: 0.86701965}
  m_LocalPosition: {x: -100.854546, y: -4.2632564e-14, z: 0}
  m_LocalScale: {x: 1, y: 1, z: 1}
  m_Children:
  - {fileID: 1190115757108373952}
  m_Father: {fileID: 1190115757108373904}
  m_RootOrder: 0
  m_LocalEulerAnglesHint: {x: 0, y: 0, z: 0}
--- !u!1 &1190115757108606448
GameObject:
  m_ObjectHideFlags: 0
  m_CorrespondingSourceObject: {fileID: 0}
  m_PrefabInstance: {fileID: 0}
  m_PrefabAsset: {fileID: 0}
  serializedVersion: 6
  m_Component:
  - component: {fileID: 1190115757108373968}
  m_Layer: 0
  m_Name: Chest
  m_TagString: Untagged
  m_Icon: {fileID: 0}
  m_NavMeshLayer: 0
  m_StaticEditorFlags: 0
  m_IsActive: 1
--- !u!4 &1190115757108373968
Transform:
  m_ObjectHideFlags: 0
  m_CorrespondingSourceObject: {fileID: 0}
  m_PrefabInstance: {fileID: 0}
  m_PrefabAsset: {fileID: 0}
  m_GameObject: {fileID: 1190115757108606448}
  m_LocalRotation: {x: -4.1633363e-17, y: 4.8572257e-17, z: 0.023772378, w: 0.9997174}
  m_LocalPosition: {x: -96.567726, y: 5.684342e-14, z: 7.9788606e-14}
  m_LocalScale: {x: 1, y: 1, z: 1}
  m_Children:
  - {fileID: 1190115757108374004}
  - {fileID: 1190115757108373998}
  - {fileID: 1190115757108373904}
  m_Father: {fileID: 1190115757108373984}
  m_RootOrder: 0
  m_LocalEulerAnglesHint: {x: 0, y: 0, z: 0}
--- !u!1 &1190115757108606450
GameObject:
  m_ObjectHideFlags: 0
  m_CorrespondingSourceObject: {fileID: 0}
  m_PrefabInstance: {fileID: 0}
  m_PrefabAsset: {fileID: 0}
  serializedVersion: 6
  m_Component:
  - component: {fileID: 1190115757108373970}
  - component: {fileID: 1190115757122205936}
  m_Layer: 0
  m_Name: DragonSoulEater
  m_TagString: Untagged
  m_Icon: {fileID: 0}
  m_NavMeshLayer: 0
  m_StaticEditorFlags: 0
  m_IsActive: 1
--- !u!4 &1190115757108373970
Transform:
  m_ObjectHideFlags: 0
  m_CorrespondingSourceObject: {fileID: 0}
  m_PrefabInstance: {fileID: 0}
  m_PrefabAsset: {fileID: 0}
  m_GameObject: {fileID: 1190115757108606450}
  m_LocalRotation: {x: 0, y: -0, z: -0, w: 1}
  m_LocalPosition: {x: -0, y: -226.65565, z: 0}
  m_LocalScale: {x: 0.01, y: 0.01, z: 0.01}
  m_Children: []
  m_Father: {fileID: 1190115757108373972}
  m_RootOrder: 0
  m_LocalEulerAnglesHint: {x: 0, y: 0, z: 0}
--- !u!137 &1190115757122205936
SkinnedMeshRenderer:
  m_ObjectHideFlags: 0
  m_CorrespondingSourceObject: {fileID: 0}
  m_PrefabInstance: {fileID: 0}
  m_PrefabAsset: {fileID: 0}
  m_GameObject: {fileID: 1190115757108606450}
  m_Enabled: 1
  m_CastShadows: 1
  m_ReceiveShadows: 1
  m_DynamicOccludee: 1
  m_MotionVectors: 1
  m_LightProbeUsage: 1
  m_ReflectionProbeUsage: 1
  m_RayTracingMode: 3
  m_RayTraceProcedural: 0
  m_RenderingLayerMask: 1
  m_RendererPriority: 0
  m_Materials:
  - {fileID: 2100000, guid: 35305181e90534745b25a3b3799091a9, type: 2}
  m_StaticBatchInfo:
    firstSubMesh: 0
    subMeshCount: 0
  m_StaticBatchRoot: {fileID: 0}
  m_ProbeAnchor: {fileID: 0}
  m_LightProbeVolumeOverride: {fileID: 0}
  m_ScaleInLightmap: 1
  m_ReceiveGI: 1
  m_PreserveUVs: 0
  m_IgnoreNormalsForChartDetection: 0
  m_ImportantGI: 0
  m_StitchLightmapSeams: 1
  m_SelectedEditorRenderState: 3
  m_MinimumChartSize: 4
  m_AutoUVMaxDistance: 0.5
  m_AutoUVMaxAngle: 89
  m_LightmapParameters: {fileID: 0}
  m_SortingLayerID: 0
  m_SortingLayer: 0
  m_SortingOrder: 0
  serializedVersion: 2
  m_Quality: 0
  m_UpdateWhenOffscreen: 0
  m_SkinnedMotionVectors: 1
  m_Mesh: {fileID: 4300000, guid: f14db21b5e70e3d4ab6f0e158099a341, type: 3}
  m_Bones:
  - {fileID: 1190115757108374014}
  - {fileID: 1190115757108373984}
  - {fileID: 1190115757108373968}
  - {fileID: 1190115757108374004}
  - {fileID: 1190115757108373958}
  - {fileID: 1190115757108373910}
  - {fileID: 1190115757108373960}
  - {fileID: 1190115757108373962}
  - {fileID: 1190115757108373974}
  - {fileID: 1190115757108373976}
  - {fileID: 1190115757108374006}
  - {fileID: 1190115757108374008}
  - {fileID: 1190115757108373998}
  - {fileID: 1190115757108373964}
  - {fileID: 1190115757108373982}
  - {fileID: 1190115757108373954}
  - {fileID: 1190115757108373904}
  - {fileID: 1190115757108373966}
  - {fileID: 1190115757108373952}
  - {fileID: 1190115757108373956}
  - {fileID: 1190115757108373914}
  - {fileID: 1190115757108373918}
  - {fileID: 1190115757108373890}
  - {fileID: 1190115757108373894}
  - {fileID: 1190115757108373898}
  - {fileID: 1190115757108373902}
  - {fileID: 1190115757108373942}
  - {fileID: 1190115757108373946}
  - {fileID: 1190115757108373922}
  - {fileID: 1190115757108373926}
  - {fileID: 1190115757108373930}
  - {fileID: 1190115757108373912}
  - {fileID: 1190115757108373916}
  - {fileID: 1190115757108373888}
  - {fileID: 1190115757108373892}
  - {fileID: 1190115757108373896}
  - {fileID: 1190115757108373900}
  - {fileID: 1190115757108373936}
  - {fileID: 1190115757108373944}
  - {fileID: 1190115757108373948}
  - {fileID: 1190115757108373924}
  - {fileID: 1190115757108373928}
  - {fileID: 1190115757108373932}
  - {fileID: 1190115757108373906}
  - {fileID: 1190115757108374000}
  - {fileID: 1190115757108374010}
  - {fileID: 1190115757108373978}
  - {fileID: 1190115757108373994}
  - {fileID: 1190115757108373908}
  - {fileID: 1190115757108374002}
  - {fileID: 1190115757108374012}
  - {fileID: 1190115757108373980}
  - {fileID: 1190115757108373996}
  - {fileID: 1190115757108373986}
  - {fileID: 1190115757108373988}
  - {fileID: 1190115757108373990}
  - {fileID: 1190115757108373992}
  m_BlendShapeWeights: []
  m_RootBone: {fileID: 1190115757108374014}
  m_AABB:
    m_Center: {x: 17.107742, y: -41.96974, z: 15.2157135}
    m_Extent: {x: 528.9893, y: 309.98462, z: 290.714}
  m_DirtyAABB: 0
--- !u!1 &1190115757108606452
GameObject:
  m_ObjectHideFlags: 0
  m_CorrespondingSourceObject: {fileID: 0}
  m_PrefabInstance: {fileID: 0}
  m_PrefabAsset: {fileID: 0}
  serializedVersion: 6
  m_Component:
  - component: {fileID: 1190115757108373972}
  - component: {fileID: 1190115757117982256}
  - component: {fileID: 6944979873115891298}
  - component: {fileID: 3790692161211397919}
  - component: {fileID: 1941721655577862435}
  - component: {fileID: 6197133922990611938}
  - component: {fileID: 5618160153715547242}
  m_Layer: 0
  m_Name: DragonRed
  m_TagString: Untagged
  m_Icon: {fileID: 0}
  m_NavMeshLayer: 0
  m_StaticEditorFlags: 0
  m_IsActive: 1
--- !u!4 &1190115757108373972
Transform:
  m_ObjectHideFlags: 0
  m_CorrespondingSourceObject: {fileID: 0}
  m_PrefabInstance: {fileID: 0}
  m_PrefabAsset: {fileID: 0}
  m_GameObject: {fileID: 1190115757108606452}
  m_LocalRotation: {x: 0, y: 0, z: 0, w: 1}
  m_LocalPosition: {x: -51.835228, y: 279.91257, z: 101.74166}
  m_LocalScale: {x: 1, y: 1, z: 1}
  m_Children:
  - {fileID: 1190115757108373970}
  - {fileID: 1190115757108374014}
  - {fileID: 3141370325835554155}
  m_Father: {fileID: 0}
  m_RootOrder: 0
  m_LocalEulerAnglesHint: {x: 0, y: 0, z: 0}
--- !u!95 &1190115757117982256
Animator:
  serializedVersion: 3
  m_ObjectHideFlags: 0
  m_CorrespondingSourceObject: {fileID: 0}
  m_PrefabInstance: {fileID: 0}
  m_PrefabAsset: {fileID: 0}
  m_GameObject: {fileID: 1190115757108606452}
  m_Enabled: 1
  m_Avatar: {fileID: 9000000, guid: f14db21b5e70e3d4ab6f0e158099a341, type: 3}
  m_Controller: {fileID: 0}
  m_CullingMode: 1
  m_UpdateMode: 0
  m_ApplyRootMotion: 0
  m_LinearVelocityBlending: 0
  m_WarningMessage: 
  m_HasTransformHierarchy: 1
  m_AllowConstantClipSamplingOptimization: 1
  m_KeepAnimatorControllerStateOnDisable: 0
--- !u!114 &6944979873115891298
MonoBehaviour:
  m_ObjectHideFlags: 0
  m_CorrespondingSourceObject: {fileID: 0}
  m_PrefabInstance: {fileID: 0}
  m_PrefabAsset: {fileID: 0}
  m_GameObject: {fileID: 1190115757108606452}
  m_Enabled: 1
  m_EditorHideFlags: 0
  m_Script: {fileID: 11500000, guid: 515f6250113207c4abcbe1a445631397, type: 3}
  m_Name: 
  m_EditorClassIdentifier: 
  Target: {x: 0, y: 0, z: 0}
  speed: 18
  Distance: 50
  Teamcode: 0
  _photonID: 0
  tiltSpeed: 0
  virtualControllerPlayer: {fileID: 0}
  virtualControllerDragon: {fileID: 0}
--- !u!114 &3790692161211397919
MonoBehaviour:
  m_ObjectHideFlags: 0
  m_CorrespondingSourceObject: {fileID: 0}
  m_PrefabInstance: {fileID: 0}
  m_PrefabAsset: {fileID: 0}
  m_GameObject: {fileID: 1190115757108606452}
  m_Enabled: 1
  m_EditorHideFlags: 0
  m_Script: {fileID: 11500000, guid: aa584fbee541324448dd18d8409c7a41, type: 3}
  m_Name: 
  m_EditorClassIdentifier: 
  ObservedComponentsFoldoutOpen: 1
  Group: 0
  prefixField: -1
  Synchronization: 3
  OwnershipTransfer: 0
  observableSearch: 2
  ObservedComponents: []
  sceneViewId: 0
  InstantiationId: 0
  isRuntimeInstantiated: 0
--- !u!54 &1941721655577862435
Rigidbody:
  m_ObjectHideFlags: 0
  m_CorrespondingSourceObject: {fileID: 0}
  m_PrefabInstance: {fileID: 0}
  m_PrefabAsset: {fileID: 0}
  m_GameObject: {fileID: 1190115757108606452}
  serializedVersion: 2
  m_Mass: 10
  m_Drag: 2
  m_AngularDrag: 0.05
  m_UseGravity: 1
  m_IsKinematic: 0
  m_Interpolate: 0
  m_Constraints: 0
  m_CollisionDetection: 0
--- !u!136 &6197133922990611938
CapsuleCollider:
  m_ObjectHideFlags: 0
  m_CorrespondingSourceObject: {fileID: 0}
  m_PrefabInstance: {fileID: 0}
  m_PrefabAsset: {fileID: 0}
  m_GameObject: {fileID: 1190115757108606452}
  m_Material: {fileID: 0}
  m_IsTrigger: 0
  m_Enabled: 1
  m_Radius: 2.483963
  m_Height: 11.136925
  m_Direction: 2
  m_Center: {x: 0, y: 1.983963, z: -1.2553215}
--- !u!65 &5618160153715547242
BoxCollider:
  m_ObjectHideFlags: 0
  m_CorrespondingSourceObject: {fileID: 0}
  m_PrefabInstance: {fileID: 0}
  m_PrefabAsset: {fileID: 0}
  m_GameObject: {fileID: 1190115757108606452}
  m_Material: {fileID: 0}
  m_IsTrigger: 1
  m_Enabled: 1
  serializedVersion: 2
  m_Size: {x: 4.026329, y: 0.5, z: 8.884529}
  m_Center: {x: -0.24248886, y: -4, z: -1.0845604}
--- !u!1 &1190115757108606454
GameObject:
  m_ObjectHideFlags: 0
  m_CorrespondingSourceObject: {fileID: 0}
  m_PrefabInstance: {fileID: 0}
  m_PrefabAsset: {fileID: 0}
  serializedVersion: 6
  m_Component:
  - component: {fileID: 1190115757108373974}
  m_Layer: 0
  m_Name: Eye_Left
  m_TagString: Untagged
  m_Icon: {fileID: 0}
  m_NavMeshLayer: 0
  m_StaticEditorFlags: 0
  m_IsActive: 1
--- !u!4 &1190115757108373974
Transform:
  m_ObjectHideFlags: 0
  m_CorrespondingSourceObject: {fileID: 0}
  m_PrefabInstance: {fileID: 0}
  m_PrefabAsset: {fileID: 0}
  m_GameObject: {fileID: 1190115757108606454}
  m_LocalRotation: {x: 0.04090422, y: -0.7059227, z: 0.04090422, w: 0.7059227}
  m_LocalPosition: {x: -86.658936, y: 9.583786, z: -31.675535}
  m_LocalScale: {x: 1, y: 1, z: 1}
  m_Children: []
  m_Father: {fileID: 1190115757108373958}
  m_RootOrder: 0
  m_LocalEulerAnglesHint: {x: 0, y: 0, z: 0}
--- !u!1 &1190115757108606456
GameObject:
  m_ObjectHideFlags: 0
  m_CorrespondingSourceObject: {fileID: 0}
  m_PrefabInstance: {fileID: 0}
  m_PrefabAsset: {fileID: 0}
  serializedVersion: 6
  m_Component:
  - component: {fileID: 1190115757108373976}
  m_Layer: 0
  m_Name: Eye_Right
  m_TagString: Untagged
  m_Icon: {fileID: 0}
  m_NavMeshLayer: 0
  m_StaticEditorFlags: 0
  m_IsActive: 1
--- !u!4 &1190115757108373976
Transform:
  m_ObjectHideFlags: 0
  m_CorrespondingSourceObject: {fileID: 0}
  m_PrefabInstance: {fileID: 0}
  m_PrefabAsset: {fileID: 0}
  m_GameObject: {fileID: 1190115757108606456}
  m_LocalRotation: {x: 0.7059227, y: 0.04090422, z: 0.7059227, w: -0.04090422}
  m_LocalPosition: {x: -86.65876, y: 9.584249, z: 31.6755}
  m_LocalScale: {x: 1, y: 1, z: 1}
  m_Children: []
  m_Father: {fileID: 1190115757108373958}
  m_RootOrder: 1
  m_LocalEulerAnglesHint: {x: 0, y: 0, z: 0}
--- !u!1 &1190115757108606458
GameObject:
  m_ObjectHideFlags: 0
  m_CorrespondingSourceObject: {fileID: 0}
  m_PrefabInstance: {fileID: 0}
  m_PrefabAsset: {fileID: 0}
  serializedVersion: 6
  m_Component:
  - component: {fileID: 1190115757108373978}
  m_Layer: 0
  m_Name: Feet_Left
  m_TagString: Untagged
  m_Icon: {fileID: 0}
  m_NavMeshLayer: 0
  m_StaticEditorFlags: 0
  m_IsActive: 1
--- !u!4 &1190115757108373978
Transform:
  m_ObjectHideFlags: 0
  m_CorrespondingSourceObject: {fileID: 0}
  m_PrefabInstance: {fileID: 0}
  m_PrefabAsset: {fileID: 0}
  m_GameObject: {fileID: 1190115757108606458}
  m_LocalRotation: {x: -0.10351894, y: -0.0718602, z: -0.39004666, w: 0.91213137}
  m_LocalPosition: {x: -63.240303, y: 1.4210855e-14, z: 2.842171e-14}
  m_LocalScale: {x: 1, y: 1, z: 1}
  m_Children:
  - {fileID: 1190115757108373994}
  m_Father: {fileID: 1190115757108374010}
  m_RootOrder: 0
  m_LocalEulerAnglesHint: {x: 0, y: 0, z: 0}
--- !u!1 &1190115757108606460
GameObject:
  m_ObjectHideFlags: 0
  m_CorrespondingSourceObject: {fileID: 0}
  m_PrefabInstance: {fileID: 0}
  m_PrefabAsset: {fileID: 0}
  serializedVersion: 6
  m_Component:
  - component: {fileID: 1190115757108373980}
  m_Layer: 0
  m_Name: Feet_Right
  m_TagString: Untagged
  m_Icon: {fileID: 0}
  m_NavMeshLayer: 0
  m_StaticEditorFlags: 0
  m_IsActive: 1
--- !u!4 &1190115757108373980
Transform:
  m_ObjectHideFlags: 0
  m_CorrespondingSourceObject: {fileID: 0}
  m_PrefabInstance: {fileID: 0}
  m_PrefabAsset: {fileID: 0}
  m_GameObject: {fileID: 1190115757108606460}
  m_LocalRotation: {x: 0.059690323, y: 0.11160507, z: -0.3851795, w: 0.9141215}
  m_LocalPosition: {x: -63.24065, y: 9.947598e-14, z: -5.684342e-14}
  m_LocalScale: {x: 1, y: 1, z: 1}
  m_Children:
  - {fileID: 1190115757108373996}
  m_Father: {fileID: 1190115757108374012}
  m_RootOrder: 0
  m_LocalEulerAnglesHint: {x: 0, y: 0, z: 0}
--- !u!1 &1190115757108606462
GameObject:
  m_ObjectHideFlags: 0
  m_CorrespondingSourceObject: {fileID: 0}
  m_PrefabInstance: {fileID: 0}
  m_PrefabAsset: {fileID: 0}
  serializedVersion: 6
  m_Component:
  - component: {fileID: 1190115757108373982}
  m_Layer: 0
  m_Name: Hand_Left
  m_TagString: Untagged
  m_Icon: {fileID: 0}
  m_NavMeshLayer: 0
  m_StaticEditorFlags: 0
  m_IsActive: 1
--- !u!4 &1190115757108373982
Transform:
  m_ObjectHideFlags: 0
  m_CorrespondingSourceObject: {fileID: 0}
  m_PrefabInstance: {fileID: 0}
  m_PrefabAsset: {fileID: 0}
  m_GameObject: {fileID: 1190115757108606462}
  m_LocalRotation: {x: -0.112849586, y: 0.0066400575, z: -0.24478164, w: 0.96296567}
  m_LocalPosition: {x: -55.17697, y: -1.4210855e-14, z: 2.842171e-14}
  m_LocalScale: {x: 1, y: 1, z: 1}
  m_Children:
  - {fileID: 1190115757108373954}
  m_Father: {fileID: 1190115757108373964}
  m_RootOrder: 0
  m_LocalEulerAnglesHint: {x: 0, y: 0, z: 0}
--- !u!1 &4833169598560105385
GameObject:
  m_ObjectHideFlags: 0
  m_CorrespondingSourceObject: {fileID: 0}
  m_PrefabInstance: {fileID: 0}
  m_PrefabAsset: {fileID: 0}
  serializedVersion: 6
  m_Component:
  - component: {fileID: 3141370325835554155}
  - component: {fileID: 5298335477210705475}
  - component: {fileID: 7837164345963883695}
  - component: {fileID: 1327766543974992177}
  - component: {fileID: 917079523586210801}
  m_Layer: 30
  m_Name: SpawnCameraBlue
  m_TagString: MainCamera
  m_Icon: {fileID: 0}
  m_NavMeshLayer: 0
  m_StaticEditorFlags: 0
  m_IsActive: 0
--- !u!4 &3141370325835554155
Transform:
  m_ObjectHideFlags: 0
  m_CorrespondingSourceObject: {fileID: 0}
  m_PrefabInstance: {fileID: 0}
  m_PrefabAsset: {fileID: 0}
  m_GameObject: {fileID: 4833169598560105385}
  m_LocalRotation: {x: 0.17364816, y: 0, z: 0, w: 0.9848078}
  m_LocalPosition: {x: 0, y: 17.93, z: -20}
  m_LocalScale: {x: 1, y: 1, z: 1}
  m_Children: []
  m_Father: {fileID: 1190115757108373972}
  m_RootOrder: 2
  m_LocalEulerAnglesHint: {x: 20, y: 0, z: 0}
--- !u!20 &5298335477210705475
Camera:
  m_ObjectHideFlags: 0
  m_CorrespondingSourceObject: {fileID: 0}
  m_PrefabInstance: {fileID: 0}
  m_PrefabAsset: {fileID: 0}
  m_GameObject: {fileID: 4833169598560105385}
  m_Enabled: 1
  serializedVersion: 2
  m_ClearFlags: 2
  m_BackGroundColor: {r: 0.9528302, g: 0.72230244, b: 0.5339444, a: 1}
  m_projectionMatrixMode: 1
  m_GateFitMode: 2
  m_FOVAxisMode: 0
  m_SensorSize: {x: 36, y: 24}
  m_LensShift: {x: 0, y: 0}
  m_FocalLength: 50
  m_NormalizedViewPortRect:
    serializedVersion: 2
    x: 0
    y: 0
    width: 1
    height: 1
  near clip plane: 0.01
  far clip plane: 1000
  field of view: 60
  orthographic: 0
  orthographic size: 5
  m_Depth: -1
  m_CullingMask:
    serializedVersion: 2
    m_Bits: 536871173
  m_RenderingPath: -1
  m_TargetTexture: {fileID: 0}
  m_TargetDisplay: 0
  m_TargetEye: 3
  m_HDR: 1
  m_AllowMSAA: 1
  m_AllowDynamicResolution: 0
  m_ForceIntoRT: 0
  m_OcclusionCulling: 1
  m_StereoConvergence: 10
  m_StereoSeparation: 0.022
--- !u!114 &7837164345963883695
MonoBehaviour:
  m_ObjectHideFlags: 0
  m_CorrespondingSourceObject: {fileID: 0}
  m_PrefabInstance: {fileID: 0}
  m_PrefabAsset: {fileID: 0}
  m_GameObject: {fileID: 4833169598560105385}
  m_Enabled: 1
  m_EditorHideFlags: 0
  m_Script: {fileID: 11500000, guid: a79441f348de89743a2939f4d699eac1, type: 3}
  m_Name: 
  m_EditorClassIdentifier: 
  m_RenderShadows: 0
  m_RequiresDepthTextureOption: 2
  m_RequiresOpaqueTextureOption: 2
  m_CameraType: 0
  m_Cameras: []
  m_RendererIndex: -1
  m_VolumeLayerMask:
    serializedVersion: 2
    m_Bits: 1
  m_VolumeTrigger: {fileID: 0}
  m_RenderPostProcessing: 0
  m_Antialiasing: 0
  m_AntialiasingQuality: 2
  m_StopNaN: 0
  m_Dithering: 0
  m_ClearDepth: 1
  m_AllowXRRendering: 1
  m_RequiresDepthTexture: 0
  m_RequiresColorTexture: 0
  m_Version: 2
--- !u!114 &1327766543974992177
MonoBehaviour:
  m_ObjectHideFlags: 0
  m_CorrespondingSourceObject: {fileID: 0}
  m_PrefabInstance: {fileID: 0}
  m_PrefabAsset: {fileID: 0}
  m_GameObject: {fileID: 4833169598560105385}
  m_Enabled: 0
  m_EditorHideFlags: 0
  m_Script: {fileID: 11500000, guid: f0074a8a91cb3824880bf97f5869a603, type: 3}
  m_Name: 
  m_EditorClassIdentifier: 
  distanceAway: 8
  distanceUp: 12
  smooth: 5
  follow: {fileID: 1190115757108373972}
--- !u!114 &917079523586210801
MonoBehaviour:
  m_ObjectHideFlags: 0
  m_CorrespondingSourceObject: {fileID: 0}
  m_PrefabInstance: {fileID: 0}
  m_PrefabAsset: {fileID: 0}
  m_GameObject: {fileID: 4833169598560105385}
  m_Enabled: 1
  m_EditorHideFlags: 0
  m_Script: {fileID: 11500000, guid: 9ccf7f4698bb5b3439fc85f4f741f142, type: 3}
  m_Name: 
  m_EditorClassIdentifier: 
  m_States:
  - m_Name: Default
    m_Preset: {fileID: 0}
    m_BlockList: []
    m_Default: 1
  m_InitCharacterOnAwake: 0
  m_Character: {fileID: 0}
  m_Anchor: {fileID: 1190115757108373972}
  m_AutoAnchor: 0
  m_AutoAnchorBone: 10
  m_AnchorOffset: {x: 0.4, y: 5, z: -0.01}
  m_ViewTypeFullName: Opsive.UltimateCharacterController.FirstPersonController.Camera.ViewTypes.FreeLook
  m_FirstPersonViewTypeFullName: Opsive.UltimateCharacterController.FirstPersonController.Camera.ViewTypes.FreeLook
  m_ThirdPersonViewTypeFullName: Opsive.UltimateCharacterController.ThirdPersonController.Camera.ViewTypes.TopDown
  m_ViewTypeData:
  - m_ObjectType: Opsive.UltimateCharacterController.ThirdPersonController.Camera.ViewTypes.TopDown
    m_ValueHashes: b892271ef386732dda46c359da4a13812a613f7b8f8712953d390dca65df27147c49fce11ff18eede7a6cb39301c343b14018d40a6d1eed36bc57ea373c6536f4a9896596ad7c813a1625eaa
    m_ValuePositions: 0000000004000000040000000b0000000f0000001300000014000000180000001c000000200000002c000000380000003c0000004000000044000000480000004c0000005000000054000000
    m_Values: 0100000044656661756c74ffffffff000000000100008c42cdcc4c3e00004842c3f5f0c0ec51c0401f852b3f000000000000803f00000000cdcc4c3ee1fab342e1fab3420ad7a33c00008041cdcc4c3ecdcccc3d00
    m_UnityObjects: []
    m_Version: 3.1
  - m_ObjectType: Opsive.UltimateCharacterController.FirstPersonController.Camera.ViewTypes.FreeLook
    m_ValueHashes: b892271ef386732dda46c359da4a13812a613f7b8f8712956484732d194fcf5919431f81e968337b4c8e1e953d390dca65df27147c49fce19d993aecdfc473df62390ba17aed18ee0f906012c71311608602951734f0e9fcefd4f198cffd39dbcad4f3c1389bb21a660680c3a354546dba18932143825eccb8a42e09cf83bacf595adc3b83abe3390c4bd52a38b43e4857de8f81d3b7fb58ed641c600fee455a3d92642ceefc2360908a94fa1f6aa2e92b95498b44fff842c0968c9bfe456ba31ccf32992eb313ef7b7620a4390b0c6bb6eb3a788214d11aed7e60d36917140a57c4f332b54eaa0887328b7e101968c8566a3524d98a0337ed75e855821f599c06762d4538a5ca7dda2f9347e853b23114018d40a6d1eed302cf8240e57f3b8d59ee3a5e0a7d13b41f5bf2a81f4304c2c4d8d7e83c154714a0e93a13da53cf33289d11810300dcf36bc57ea3cab977d38525290197f289292bc1a97effa75ca7
    m_ValuePositions: 000000000400000004000000080000000c000000100000001100000011000000180000001c000000200000002100000025000000290000002d00000039000000450000004900000055000000610000006100000065000000690000006d0000006e00000072000000760000007a0000007e00000082000000860000008a0000008e0000008e00000092000000960000009a0000009e000000a2000000a6000000b2000000be000000be000000c2000000c6000000ca000000ce000000d2000000d6000000e2000000ee000000ee000000f2000000f6000000fa000000fe0000000201000006010000120100001e0100001e01000022010000260100002a0100002e0100003201000036010000420100004e0100005201000056010000620100006e01000072010000760100007a0100007e010000820100008e0100008f010000930100009f010000a3010000a7010000a8010000ac010000b0010000b4010000
    m_Values: 020000005a6f6f6d00000000000000000044656661756c74ffffffff000000000100008c42cdcc4c3e0000c84200000000cdcccc3d713d8a3e0000000000000000295c8f3effffffdf000000000000000000000000000000000000000000000000000000000100000000000020010000f041cdcc4c3e0000803e00000040040000000ad7233ccdcccc3d01000000cdcc4c3e0000803e0000803f78000000acc5273700401c4600401cc600401cc600401cc600401c4600401c4600401c46cdcc4c3e0000803e0000803f78000000acc5273700401c4600401cc600401cc600401cc600401c4600401c4600401c46cdcc4c3e0000803e0000803f78000000acc5273700401c4600401cc600401cc600401cc600401c4600401c4600401c46cdcc4c3e0000803e0000803f78000000acc5273700401c4600401cc600401cc600401cc600401c4600401c4600401c46000090c200009042000000003333b33f00000000000000003333b33e000000006666663f9a99d93f0000803f00007a440ad723bc00000000000000000000000001cdcccc3d00002041000020410000000002000000cdcc4c3d000000b4c20000b4423333333f00
    m_UnityObjects:
    - {fileID: 11400000, guid: 538aa537a9f445e40b8a2c2758627962, type: 2}
    - {fileID: 0}
    m_Version: 3.1
  m_CanChangePerspectives: 1
  m_CanZoom: 0
  m_ZoomState: Zoom
  m_StateAppendItemIdentifierName: 0
  m_OnChangeViewTypesEvent:
    m_PersistentCalls:
      m_Calls: []
  m_OnChangePerspectivesEvent:
    m_PersistentCalls:
      m_Calls: []
  m_OnZoomEvent:
    m_PersistentCalls:
      m_Calls: []
