%YAML 1.1
%TAG !u! tag:unity3d.com,2011:
--- !u!114 &419638439112704907
MonoBehaviour:
  m_ObjectHideFlags: 0
  m_CorrespondingSourceObject: {fileID: 0}
  m_PrefabInstance: {fileID: 0}
  m_PrefabAsset: {fileID: 0}
  m_GameObject: {fileID: 5463917100243815739}
  m_Enabled: 1
  m_EditorHideFlags: 0
  m_Script: {fileID: 11500000, guid: 2656891e6a722d64b8969472372c8cb7, type: 3}
  m_Name: 
  m_EditorClassIdentifier: 
  playerNameText: {fileID: 1420989190240758221}
  playerHealthSlider: {fileID: 6256772711356420910}
  playerTeam: {fileID: 694434313515038706}
  miniMapTeam: {fileID: 0}
  _health: 200
  characterHealth: {fileID: 0}
--- !u!1 &7263000346455156193
GameObject:
  m_ObjectHideFlags: 0
  m_CorrespondingSourceObject: {fileID: 0}
  m_PrefabInstance: {fileID: 0}
  m_PrefabAsset: {fileID: 0}
  serializedVersion: 6
  m_Component:
  - component: {fileID: 7557346892036171210}
  - component: {fileID: 1393137416171959169}
  - component: {fileID: 3746862369186781895}
  - component: {fileID: 4389006587254430117}
  m_Layer: 31
  m_Name: BotUICanvas
  m_TagString: Untagged
  m_Icon: {fileID: 0}
  m_NavMeshLayer: 0
  m_StaticEditorFlags: 0
  m_IsActive: 1
--- !u!224 &7557346892036171210
RectTransform:
  m_ObjectHideFlags: 0
  m_CorrespondingSourceObject: {fileID: 0}
  m_PrefabInstance: {fileID: 0}
  m_PrefabAsset: {fileID: 0}
  m_GameObject: {fileID: 7263000346455156193}
  m_LocalRotation: {x: -0, y: -0, z: -0, w: 1}
  m_LocalPosition: {x: 0, y: 0, z: -98.01259}
  m_LocalScale: {x: 0.5031447, y: 0.5031447, z: 0.5031447}
  m_Children:
  - {fileID: 5855349298919506645}
  m_Father: {fileID: 0}
  m_RootOrder: 0
  m_LocalEulerAnglesHint: {x: 0, y: 0, z: 0}
  m_AnchorMin: {x: 0, y: 0}
  m_AnchorMax: {x: 0, y: 0}
  m_AnchoredPosition: {x: 65.308174, y: 120.21133}
  m_SizeDelta: {x: 800, y: 480}
  m_Pivot: {x: 0.5, y: 0.5}
--- !u!223 &1393137416171959169
Canvas:
  m_ObjectHideFlags: 0
  m_CorrespondingSourceObject: {fileID: 0}
  m_PrefabInstance: {fileID: 0}
  m_PrefabAsset: {fileID: 0}
  m_GameObject: {fileID: 7263000346455156193}
  m_Enabled: 1
  serializedVersion: 3
  m_RenderMode: 2
  m_Camera: {fileID: 0}
  m_PlaneDistance: 100
  m_PixelPerfect: 0
  m_ReceivesEvents: 1
  m_OverrideSorting: 0
  m_OverridePixelPerfect: 0
  m_SortingBucketNormalizedSize: 0
  m_AdditionalShaderChannelsFlag: 0
  m_SortingLayerID: 0
  m_SortingOrder: 0
  m_TargetDisplay: 0
--- !u!114 &3746862369186781895
MonoBehaviour:
  m_ObjectHideFlags: 0
  m_CorrespondingSourceObject: {fileID: 0}
  m_PrefabInstance: {fileID: 0}
  m_PrefabAsset: {fileID: 0}
  m_GameObject: {fileID: 7263000346455156193}
  m_Enabled: 1
  m_EditorHideFlags: 0
  m_Script: {fileID: 11500000, guid: 0cd44c1031e13a943bb63640046fad76, type: 3}
  m_Name: 
  m_EditorClassIdentifier: 
  m_UiScaleMode: 0
  m_ReferencePixelsPerUnit: 100
  m_ScaleFactor: 1
  m_ReferenceResolution: {x: 800, y: 600}
  m_ScreenMatchMode: 0
  m_MatchWidthOrHeight: 0
  m_PhysicalUnit: 3
  m_FallbackScreenDPI: 96
  m_DefaultSpriteDPI: 96
  m_DynamicPixelsPerUnit: 1
--- !u!114 &4389006587254430117
MonoBehaviour:
  m_ObjectHideFlags: 0
  m_CorrespondingSourceObject: {fileID: 0}
  m_PrefabInstance: {fileID: 0}
  m_PrefabAsset: {fileID: 0}
  m_GameObject: {fileID: 7263000346455156193}
  m_Enabled: 1
  m_EditorHideFlags: 0
  m_Script: {fileID: 11500000, guid: dc42784cf147c0c48a680349fa168899, type: 3}
  m_Name: 
  m_EditorClassIdentifier: 
  m_IgnoreReversedGraphics: 1
  m_BlockingObjects: 0
  m_BlockingMask:
    serializedVersion: 2
    m_Bits: 4294967295
--- !u!1001 &4089147834053836662
PrefabInstance:
  m_ObjectHideFlags: 0
  serializedVersion: 2
  m_Modification:
    m_TransformParent: {fileID: 7557346892036171210}
    m_Modifications:
    - target: {fileID: 7637528137390636451, guid: 29fc86df28b560f478d6ebd1d0884ced, type: 3}
      propertyPath: m_LocalPosition.x
      value: 0
      objectReference: {fileID: 0}
    - target: {fileID: 7637528137390636451, guid: 29fc86df28b560f478d6ebd1d0884ced, type: 3}
      propertyPath: m_LocalPosition.y
      value: 0
      objectReference: {fileID: 0}
    - target: {fileID: 7637528137390636451, guid: 29fc86df28b560f478d6ebd1d0884ced, type: 3}
      propertyPath: m_LocalPosition.z
      value: 194.929
      objectReference: {fileID: 0}
    - target: {fileID: 7637528137390636451, guid: 29fc86df28b560f478d6ebd1d0884ced, type: 3}
      propertyPath: m_LocalRotation.x
      value: 0
      objectReference: {fileID: 0}
    - target: {fileID: 7637528137390636451, guid: 29fc86df28b560f478d6ebd1d0884ced, type: 3}
      propertyPath: m_LocalRotation.y
      value: 0
      objectReference: {fileID: 0}
    - target: {fileID: 7637528137390636451, guid: 29fc86df28b560f478d6ebd1d0884ced, type: 3}
      propertyPath: m_LocalRotation.z
      value: 0
      objectReference: {fileID: 0}
    - target: {fileID: 7637528137390636451, guid: 29fc86df28b560f478d6ebd1d0884ced, type: 3}
      propertyPath: m_LocalRotation.w
      value: 1
      objectReference: {fileID: 0}
    - target: {fileID: 7637528137390636451, guid: 29fc86df28b560f478d6ebd1d0884ced, type: 3}
      propertyPath: m_RootOrder
      value: 0
      objectReference: {fileID: 0}
    - target: {fileID: 7637528137390636451, guid: 29fc86df28b560f478d6ebd1d0884ced, type: 3}
      propertyPath: m_LocalEulerAnglesHint.x
      value: 0
      objectReference: {fileID: 0}
    - target: {fileID: 7637528137390636451, guid: 29fc86df28b560f478d6ebd1d0884ced, type: 3}
      propertyPath: m_LocalEulerAnglesHint.y
      value: 0
      objectReference: {fileID: 0}
    - target: {fileID: 7637528137390636451, guid: 29fc86df28b560f478d6ebd1d0884ced, type: 3}
      propertyPath: m_LocalEulerAnglesHint.z
      value: 0
      objectReference: {fileID: 0}
    - target: {fileID: 7637528137390636451, guid: 29fc86df28b560f478d6ebd1d0884ced, type: 3}
      propertyPath: m_AnchoredPosition.x
      value: -129.784
      objectReference: {fileID: 0}
    - target: {fileID: 7637528137390636451, guid: 29fc86df28b560f478d6ebd1d0884ced, type: 3}
      propertyPath: m_AnchoredPosition.y
      value: -234.36
      objectReference: {fileID: 0}
    - target: {fileID: 7637528137390636451, guid: 29fc86df28b560f478d6ebd1d0884ced, type: 3}
      propertyPath: m_SizeDelta.x
      value: 1.46
      objectReference: {fileID: 0}
    - target: {fileID: 7637528137390636451, guid: 29fc86df28b560f478d6ebd1d0884ced, type: 3}
      propertyPath: m_SizeDelta.y
      value: 0.17
      objectReference: {fileID: 0}
    - target: {fileID: 7637528137390636451, guid: 29fc86df28b560f478d6ebd1d0884ced, type: 3}
      propertyPath: m_AnchorMin.x
      value: 0.5
      objectReference: {fileID: 0}
    - target: {fileID: 7637528137390636451, guid: 29fc86df28b560f478d6ebd1d0884ced, type: 3}
      propertyPath: m_AnchorMin.y
      value: 0.5
      objectReference: {fileID: 0}
    - target: {fileID: 7637528137390636451, guid: 29fc86df28b560f478d6ebd1d0884ced, type: 3}
      propertyPath: m_AnchorMax.x
      value: 0.5
      objectReference: {fileID: 0}
    - target: {fileID: 7637528137390636451, guid: 29fc86df28b560f478d6ebd1d0884ced, type: 3}
      propertyPath: m_AnchorMax.y
      value: 0.5
      objectReference: {fileID: 0}
    - target: {fileID: 7637528137390636451, guid: 29fc86df28b560f478d6ebd1d0884ced, type: 3}
      propertyPath: m_Pivot.x
      value: 0.5
      objectReference: {fileID: 0}
    - target: {fileID: 7637528137390636451, guid: 29fc86df28b560f478d6ebd1d0884ced, type: 3}
      propertyPath: m_Pivot.y
      value: 0.5
      objectReference: {fileID: 0}
    - target: {fileID: 7637528137390636451, guid: 29fc86df28b560f478d6ebd1d0884ced, type: 3}
      propertyPath: m_LocalScale.x
      value: 1.2531
      objectReference: {fileID: 0}
    - target: {fileID: 7637528137390636451, guid: 29fc86df28b560f478d6ebd1d0884ced, type: 3}
      propertyPath: m_LocalScale.y
      value: 2.6856003
      objectReference: {fileID: 0}
    - target: {fileID: 7637528137390636451, guid: 29fc86df28b560f478d6ebd1d0884ced, type: 3}
      propertyPath: m_LocalScale.z
      value: 1.2531
      objectReference: {fileID: 0}
    - target: {fileID: 7956479467551452248, guid: 29fc86df28b560f478d6ebd1d0884ced, type: 3}
      propertyPath: m_Color.g
      value: 0.40392157
      objectReference: {fileID: 0}
    - target: {fileID: 8317068711355822669, guid: 29fc86df28b560f478d6ebd1d0884ced, type: 3}
      propertyPath: m_Name
      value: Hud
      objectReference: {fileID: 0}
    - target: {fileID: 9084871500352158998, guid: 29fc86df28b560f478d6ebd1d0884ced, type: 3}
      propertyPath: m_IsActive
      value: 0
      objectReference: {fileID: 0}
    m_RemovedComponents:
    - {fileID: 4109004188838254534, guid: 29fc86df28b560f478d6ebd1d0884ced, type: 3}
  m_SourcePrefab: {fileID: 100100000, guid: 29fc86df28b560f478d6ebd1d0884ced, type: 3}
--- !u!1 &5463917100243815739 stripped
GameObject:
  m_CorrespondingSourceObject: {fileID: 8317068711355822669, guid: 29fc86df28b560f478d6ebd1d0884ced, type: 3}
  m_PrefabInstance: {fileID: 4089147834053836662}
  m_PrefabAsset: {fileID: 0}
--- !u!224 &5855349298919506645 stripped
RectTransform:
  m_CorrespondingSourceObject: {fileID: 7637528137390636451, guid: 29fc86df28b560f478d6ebd1d0884ced, type: 3}
  m_PrefabInstance: {fileID: 4089147834053836662}
  m_PrefabAsset: {fileID: 0}
--- !u!114 &6256772711356420910 stripped
MonoBehaviour:
  m_CorrespondingSourceObject: {fileID: 7956479467551452248, guid: 29fc86df28b560f478d6ebd1d0884ced, type: 3}
  m_PrefabInstance: {fileID: 4089147834053836662}
  m_PrefabAsset: {fileID: 0}
  m_GameObject: {fileID: 0}
  m_Enabled: 1
  m_EditorHideFlags: 0
  m_Script: {fileID: 11500000, guid: fe87c0e1cc204ed48ad3b37840f39efc, type: 3}
  m_Name: 
  m_EditorClassIdentifier: 
--- !u!114 &694434313515038706 stripped
MonoBehaviour:
  m_CorrespondingSourceObject: {fileID: 3538899249161947268, guid: 29fc86df28b560f478d6ebd1d0884ced, type: 3}
  m_PrefabInstance: {fileID: 4089147834053836662}
  m_PrefabAsset: {fileID: 0}
  m_GameObject: {fileID: 0}
  m_Enabled: 1
  m_EditorHideFlags: 0
  m_Script: {fileID: 11500000, guid: fe87c0e1cc204ed48ad3b37840f39efc, type: 3}
  m_Name: 
  m_EditorClassIdentifier: 
--- !u!114 &1420989190240758221 stripped
MonoBehaviour:
  m_CorrespondingSourceObject: {fileID: 3100671624025626299, guid: 29fc86df28b560f478d6ebd1d0884ced, type: 3}
  m_PrefabInstance: {fileID: 4089147834053836662}
  m_PrefabAsset: {fileID: 0}
  m_GameObject: {fileID: 0}
  m_Enabled: 1
  m_EditorHideFlags: 0
  m_Script: {fileID: 11500000, guid: 5f7201a12d95ffc409449d95f23cf332, type: 3}
  m_Name: 
  m_EditorClassIdentifier: 
